timestamp,type,side,price,quantity
1778413636414,A,B,10209,0.00020000
1778413636414,A,B,10202,0.00309000
1778413636414,A,B,10182,0.00384000
1778413636414,A,S,10258,1.39417000
1778413636414,A,S,10299,0.00020000
1778413636514,A,B,10202,0.00309000
1778413636514,A,B,10182,0.00384000
1778413636514,A,B,10106,0.00030000
1778413636514,A,B,9993,0.00048000
1778413636614,A,B,10238,0.00400000
1778413636614,A,B,10046,0.00100000
1778413636614,A,B,10182,0.00400000
1778413636614,A,S,10258,1.39727000
1778413636614,A,S,10470,0.00095000
1778413636714,A,B,10250,0.00400000
1778413636714,A,B,10246,0.00400000
1778413636714,A,B,9991,0.01937000
1778413636714,A,B,9962,0.00436000
1778413636714,A,B,10182,0.00400000
1778413636814,A,B,10258,9.73125000
1778413636814,A,B,10182,0.00408000
1778413636814,A,B,10182,0.00010000
1778413636814,A,B,10107,0.00300000
1778413636915,A,B,10258,9.73113000
1778413636915,A,B,10243,0.07425000
1778413636915,A,B,10218,0.00020000
1778413636915,A,B,10182,0.00400000
1778413636915,A,B,10182,0.00010000
1778413636915,A,S,10302,0.00020000
1778413637014,A,B,10244,0.00007000
1778413637014,A,B,10202,0.00309000
1778413637014,A,B,9768,0.00032000
1778413637014,A,B,10182,0.00416000
1778413637014,A,B,10106,0.00030000
1778413637014,A,S,10258,1.39585000
1778413637014,A,S,10274,1.58627000
1778413637014,A,S,10277,0.00007000
1778413637114,A,B,10232,0.02200000
1778413637114,A,B,10182,0.00416000
1778413637114,A,S,10295,0.00371000
1778413637114,A,S,10296,0.04607000
1778413637114,A,S,10448,0.00040000
1778413637214,A,B,10258,9.11992000
1778413637214,A,B,9962,0.02373000
1778413637214,A,B,10182,0.00416000
1778413637214,A,S,10263,0.23034000
1778413637314,A,B,10258,9.79113000
1778413637314,A,B,10238,0.00400000
1778413637314,A,B,9962,0.00436000
1778413637314,A,B,10182,0.00416000
1778413637314,A,S,10258,1.29902000
1778413637314,A,S,10274,1.53755000
1778413637314,A,S,10287,0.00400000
1778413637314,A,S,10287,0.04824000
1778413637314,A,S,10290,0.04872000
1778413637414,A,B,10182,0.00416000
1778413637414,A,S,10274,1.48883000
1778413637414,A,S,10290,0.04872000
1778413637515,A,B,9962,0.00753000
1778413637515,A,B,10182,0.00432000
1778413637515,A,B,10106,0.00030000
1778413637515,A,S,10258,1.09831000
1778413637515,A,S,10264,0.31449000
1778413637515,A,S,10267,0.00464000
1778413637515,A,S,10269,0.28263000
1778413637614,A,B,10046,0.00100000
1778413637614,A,B,10182,0.00448000
1778413637614,A,B,9955,0.00182000
1778413637614,A,S,10258,1.09941000
1778413637614,A,S,10265,0.42517000
1778413637614,A,S,10267,0.00008000
1778413637614,A,S,10267,0.35561000
1778413637614,A,S,10470,0.00095000
1778413637715,A,B,10232,0.02000000
1778413637715,A,B,10232,0.00200000
1778413637715,A,B,10182,0.00448000
1778413637715,A,S,10258,1.51077000
1778413637715,A,S,10274,1.53755000
1778413637715,A,S,10296,0.00200000
1778413637715,A,S,10296,0.04407000
1778413637715,A,S,10297,0.00200000
1778413637815,A,B,10064,0.00752000
1778413637815,A,B,9773,0.00093000
1778413637815,A,B,10182,0.00448000
1778413637914,A,B,10182,0.00448000
1778413637914,A,B,10182,0.00030000
1778413638014,A,B,10250,0.00400000
1778413638014,A,B,10246,0.00400000
1778413638014,A,B,10244,0.00007000
1778413638014,A,B,10238,0.00408000
1778413638014,A,B,10197,0.00010000
1778413638014,A,B,10182,0.00448000
1778413638014,A,B,10182,0.00010000
1778413638014,A,B,10106,0.00030000
1778413638014,A,S,10277,0.00007000
1778413638114,A,B,10238,0.00400000
1778413638114,A,B,10238,0.00008000
1778413638114,A,B,10182,0.00448000
1778413638114,A,B,10182,0.00010000
1778413638114,A,S,10258,1.51067000
1778413638114,A,S,10293,0.08097000
1778413638114,A,S,10452,0.08105000
1778413638114,A,S,10453,0.08097000
1778413638114,A,S,10455,0.08097000
1778413638114,A,S,10455,0.08097000
1778413638114,A,S,10456,0.08097000
1778413638114,A,S,10457,0.08097000
1778413638214,A,B,10258,9.79102000
1778413638214,A,B,10250,0.00400000
1778413638214,A,B,10246,0.00400000
1778413638214,A,B,10170,0.09249000
1778413638214,A,B,10182,0.00416000
1778413638214,A,S,10274,1.53755000
1778413638315,A,B,10182,0.00416000
1778413638315,A,S,10258,1.50863000
1778413638315,A,S,10267,0.35569000
1778413638315,A,S,10274,1.53755000
1778413638315,A,S,10290,0.04872000
1778413638414,A,B,10258,9.79090000
1778413638414,A,B,10174,0.01237000
1778413638414,A,B,10171,0.87748000
1778413638414,A,B,10171,1.29543000
1778413638414,A,B,10182,0.00432000
1778413638414,A,S,10258,1.50553000
1778413638514,A,B,10258,9.79081000
1778413638514,A,B,10246,0.00400000
1778413638514,A,B,10182,0.00432000
1778413638514,A,B,10106,0.00030000
1778413638514,A,S,10258,1.50863000
1778413638514,A,S,10279,0.00400000
1778413638614,A,B,10258,9.79062000
1778413638614,A,B,10217,0.37118000
1778413638614,A,B,10182,0.00432000
1778413638614,A,S,10258,1.50541000
1778413638614,A,S,10265,0.29356000
1778413638614,A,S,10265,0.42509000
1778413638614,A,S,10267,0.00008000
1778413638614,A,S,10267,0.35561000
1778413638714,A,B,10046,0.00100000
1778413638714,A,B,10182,0.00416000
1778413638714,A,B,10107,0.00300000
1778413638714,A,S,10274,1.58627000
1778413638814,A,B,10182,0.00400000
1778413638914,A,B,10248,0.00007000
1778413638914,A,B,10243,0.07425000
1778413638914,A,B,10182,0.00400000
1778413638914,A,S,10258,1.50851000
1778413638914,A,S,10274,1.58627000
1778413639014,A,B,10244,0.00007000
1778413639014,A,B,10174,1.30780000
1778413639014,A,B,10182,0.00400000
1778413639014,A,B,10182,0.00010000
1778413639014,A,B,10106,0.00030000
1778413639014,A,S,10277,0.00007000
1778413639115,A,B,10182,0.00400000
1778413639115,A,S,10287,0.00400000
1778413639214,A,B,10182,0.00400000
1778413639214,A,S,10279,0.00400000
1778413639314,A,B,10258,8.99062000
1778413639314,A,B,10240,0.00040000
1778413639314,A,B,10182,0.00400000
1778413639414,A,B,10246,0.00400000
1778413639414,A,B,10174,0.01237000
1778413639414,A,B,10171,1.29543000
1778413639414,A,B,10182,0.00416000
1778413639414,A,S,10274,1.58627000
1778413639414,A,S,10279,0.00400000
1778413639414,A,S,10355,0.10596000
1778413639514,A,B,10258,9.77825000
1778413639514,A,B,10182,0.00416000
1778413639514,A,B,10106,0.00030000
1778413639514,A,S,10258,1.50541000
1778413639614,A,B,10217,0.37110000
1778413639614,A,B,10182,0.00416000
1778413639614,A,B,9955,0.00195000
1778413639614,A,S,10269,0.00008000
1778413639614,A,S,10284,0.00008000
1778413639614,A,S,10287,0.00400000
1778413639714,A,B,10171,0.87748000
1778413639714,A,B,10046,0.00100000
1778413639714,A,B,10182,0.00416000
1778413639714,A,S,10279,0.00400000
1778413639714,A,S,10470,0.00095000
1778413639814,A,B,10182,0.00416000
1778413639914,A,B,10258,9.76328000
1778413639914,A,B,10250,0.00400000
1778413639914,A,B,10174,1.30780000
1778413639914,A,B,10182,0.00416000
1778413639914,A,B,10182,0.00010000
1778413639914,A,S,10258,1.50532000
1778413640014,A,B,10241,0.00200000
1778413640014,A,B,10238,0.00400000
1778413640014,A,B,10182,0.00432000
1778413640014,A,B,10106,0.00030000
1778413640014,A,B,10106,0.00010000
1778413640014,A,S,10287,0.00400000
1778413640014,A,S,10290,0.00200000
1778413640114,A,B,10258,9.75008000
1778413640114,A,B,10244,0.00007000
1778413640114,A,B,10083,0.08097000
1778413640114,A,B,10082,0.08097000
1778413640114,A,B,10081,0.08097000
1778413640114,A,B,10079,0.08097000
1778413640114,A,B,10078,0.08097000
1778413640114,A,B,10077,0.08097000
1778413640114,A,B,10182,0.00432000
1778413640114,A,B,10182,0.00030000
1778413640114,A,S,10277,0.00007000
1778413640214,A,B,10182,0.00448000
1778413640214,A,B,10182,0.00010000
1778413640214,A,S,9579,0.00482000
1778413640314,A,B,10258,9.46283000
1778413640314,A,B,9962,0.02373000
1778413640314,A,B,10182,0.00448000
1778413640314,A,S,10258,1.50842000
1778413640314,A,S,10274,1.53755000
1778413640314,A,S,10290,0.04872000
1778413640414,A,B,10258,9.75008000
1778413640414,A,B,10182,0.00448000
1778413640414,A,S,10258,1.50532000
1778413640414,A,S,10274,1.58627000
1778413640414,A,S,9579,0.02935000
1778413640514,A,B,10182,0.00448000
1778413640514,A,B,10106,0.00030000
1778413640614,A,B,10088,0.10895000
1778413640614,A,B,10087,0.10895000
1778413640614,A,B,10086,0.10895000
1778413640614,A,B,10085,0.10895000
1778413640614,A,B,9962,0.00753000
1778413640614,A,B,10182,0.00432000
1778413640614,A,S,10437,0.10895000
1778413640714,A,B,10258,9.76060000
1778413640714,A,B,10214,0.54831000
1778413640714,A,B,10174,0.95170000
1778413640714,A,B,10046,0.00100000
1778413640714,A,B,10182,0.00432000
1778413640714,A,S,10276,0.00008000
1778413640714,A,S,10276,0.00008000
1778413640714,A,S,10287,0.00400000
1778413640714,A,S,10470,0.00095000
1778413640814,A,B,10243,0.07425000
1778413640814,A,B,10182,0.00432000
1778413640814,A,B,10167,0.00016000
1778413640814,A,S,10279,0.00400000
1778413640914,A,B,10258,9.74811000
1778413640914,A,B,10182,0.00432000
1778413641014,A,B,10258,0.00618000
1778413641014,A,B,10238,0.00400000
1778413641014,A,B,10237,0.49599000
1778413641014,A,B,10232,0.00200000
1778413641014,A,B,10213,0.96764000
1778413641014,A,B,10182,0.00432000
1778413641014,A,B,10106,0.00030000
1778413641014,A,B,10106,0.00010000
1778413641014,A,S,10258,1.50541000
1778413641014,A,S,10296,0.00200000
1778413641114,A,B,10258,9.74818000
1778413641114,A,B,10258,0.31511000
1778413641114,A,B,10258,0.05014000
1778413641114,A,B,10250,0.00400000
1778413641114,A,B,10246,0.00400000
1778413641114,A,B,10244,0.00007000
1778413641114,A,B,10030,0.07443000
1778413641114,A,B,10182,0.00432000
1778413641114,A,S,10258,1.50555000
1778413641114,A,S,10258,0.00092000
1778413641114,A,S,10260,0.00008000
1778413641114,A,S,10260,0.00022000
1778413641114,A,S,10260,0.00014000
1778413641114,A,S,10261,0.00014000
1778413641114,A,S,10261,0.29992000
1778413641114,A,S,10261,0.00014000
1778413641114,A,S,10268,0.00007000
1778413641114,A,S,10273,0.00618000
1778413641114,A,S,10277,0.00007000
1778413641114,A,S,10422,0.07407000
1778413641214,A,B,10241,0.00200000
1778413641214,A,B,10182,0.00416000
1778413641214,A,S,10260,0.00527000
1778413641214,A,S,10260,0.00008000
1778413641214,A,S,10261,0.01182000
1778413641214,A,S,10261,0.30006000
1778413641214,A,S,10261,0.15389000
1778413641214,A,S,10290,0.00200000
1778413641314,A,B,10258,9.75436000
1778413641314,A,B,10174,0.01237000
1778413641314,A,B,10171,1.29543000
1778413641314,A,B,10182,0.00416000
1778413641314,A,B,10182,0.00010000
1778413641314,A,B,10107,0.00900000
1778413641314,A,S,10258,1.12203000
1778413641314,A,S,10267,0.19240000
1778413641314,A,S,9846,0.00363000
1778413641414,A,B,10258,9.75429000
1778413641414,A,B,10258,0.31504000
1778413641414,A,B,10258,0.05014000
1778413641414,A,B,10250,0.00400000
1778413641414,A,B,10161,0.00309000
1778413641414,A,B,10030,0.00753000
1778413641414,A,B,10182,0.00432000
1778413641514,A,B,10258,9.76666000
1778413641514,A,B,10238,0.00400000
1778413641514,A,B,9797,0.00014000
1778413641514,A,B,10182,0.00432000
1778413641514,A,B,10106,0.00030000
1778413641514,A,S,10260,0.00014000
1778413641514,A,S,10260,0.28276000
1778413641514,A,S,10266,0.19230000
1778413641514,A,S,10288,0.00400000
1778413641614,A,B,10182,0.00432000
1778413641614,A,S,10260,0.00527000
1778413641614,A,S,10260,0.28290000
1778413641614,A,S,10261,0.15375000
1778413641714,A,B,10258,9.77903000
1778413641714,A,B,10217,0.37118000
1778413641714,A,B,10171,0.87748000
1778413641714,A,B,10046,0.00100000
1778413641714,A,B,10182,0.00416000
1778413641714,A,S,10258,0.00022000
1778413641714,A,S,10260,0.32517000
1778413641714,A,S,10274,1.53755000
1778413641714,A,S,10280,0.00008000
1778413641714,A,S,10470,0.00095000
1778413641814,A,B,10258,9.45907000
1778413641814,A,B,10182,0.00432000
1778413641814,A,S,10258,1.12217000
1778413641814,A,S,10258,0.00113000
1778413641814,A,S,10260,0.00527000
1778413641814,A,S,10260,0.00014000
1778413641814,A,S,10260,0.32305000
1778413641814,A,S,10260,0.32517000
1778413641814,A,S,10260,0.00028000
1778413641814,A,S,10261,0.00007000
1778413641814,A,S,10261,0.18836000
1778413641814,A,S,10265,0.16699000
1778413641814,A,S,10274,1.58627000
1778413641814,A,S,10334,0.00007000
1778413641914,A,B,10258,9.77841000
1778413641914,A,B,10423,62.46111000
1778413641914,A,B,10182,0.00432000
1778413641914,A,S,10260,0.00527000
1778413641914,A,S,10260,0.28683000
1778413641914,A,S,10260,0.32100000
1778413641914,A,S,10260,0.32305000
1778413641914,A,S,10260,0.00022000
1778413641914,A,S,10260,0.00014000
1778413641914,A,S,10261,0.00007000
1778413641914,A,S,10261,0.18836000
1778413642014,A,B,10258,9.83149000
1778413642014,A,B,10258,0.31469000
1778413642014,A,B,10258,0.30949000
1778413642014,A,B,10257,0.06000000
1778413642014,A,B,10257,0.00618000
1778413642014,A,B,10257,0.00008000
1778413642014,A,B,10257,0.18667000
1778413642014,A,B,10255,0.15550000
1778413642014,A,B,10255,0.06000000
1778413642014,A,B,10250,1.49494000
1778413642014,A,B,10250,2.96888000
1778413642014,A,B,10250,0.00008000
1778413642014,A,B,10232,0.44552000
1778413642014,A,B,10216,1.22544000
1778413642014,A,B,10182,0.00448000
1778413642014,A,B,10106,0.00030000
1778413642014,A,S,10258,0.24963000
1778413642014,A,S,10260,0.00527000
1778413642014,A,S,10260,0.00014000
1778413642014,A,S,10260,0.00014000
1778413642014,A,S,10260,0.00014000
1778413642014,A,S,10260,0.00008000
1778413642014,A,S,10260,0.00014000
1778413642014,A,S,10260,0.40825000
1778413642014,A,S,10261,0.00008000
1778413642014,A,S,10261,0.00014000
1778413642014,A,S,10263,0.00007000
1778413642014,A,S,10265,0.00008000
1778413642014,A,S,10267,0.35569000
1778413642014,A,S,10268,0.31473000
1778413642014,A,S,10272,0.28043000
1778413642014,A,S,10274,0.00300000
1778413642014,A,S,10275,0.32291000
1778413642014,A,S,10276,0.38218000
1778413642014,A,S,10277,0.00618000
1778413642014,A,S,10278,0.31481000
1778413642014,A,S,10280,0.09156000
1778413642014,A,S,10280,0.88494000
1778413642014,A,S,10282,0.08000000
1778413642014,A,S,10283,0.09486000
1778413642014,A,S,10283,0.06000000
1778413642014,A,S,10284,0.06000000
1778413642014,A,S,10285,0.30927000
1778413642014,A,S,10286,0.61845000
1778413642014,A,S,10290,0.04872000
1778413642014,A,S,10297,0.00400000
1778413642014,A,S,10297,0.44516000
1778413642014,A,S,10387,0.96429000
1778413642014,A,S,10387,2.96888000
1778413642014,A,S,10409,0.37111000
1778413642114,A,B,10258,9.85821000
1778413642114,A,B,10258,0.83817000
1778413642114,A,B,10258,0.05014000
1778413642114,A,B,10258,1.63299000
1778413642114,A,B,10258,0.00029000
1778413642114,A,B,10258,0.12401000
1778413642114,A,B,10257,0.06007000
1778413642114,A,B,10257,0.19629000
1778413642114,A,B,10257,0.02000000
1778413642114,A,B,10257,0.02000000
1778413642114,A,B,10257,0.30927000
1778413642114,A,B,10257,0.04618000
1778413642114,A,B,10257,0.18660000
1778413642114,A,B,10255,0.15557000
1778413642114,A,B,10253,0.28809000
1778413642114,A,B,10253,0.00060000
1778413642114,A,B,10252,0.01979000
1778413642114,A,B,10250,0.01979000
1778413642114,A,B,10246,0.00060000
1778413642114,A,B,10244,0.00007000
1778413642114,A,B,10241,0.00119000
1778413642114,A,B,10236,0.44550000
1778413642114,A,B,10197,0.00010000
1778413642114,A,B,10139,0.01937000
1778413642114,A,B,10182,0.00448000
1778413642114,A,S,10258,0.57687000
1778413642114,A,S,10258,0.00099000
1778413642114,A,S,10258,0.00014000
1778413642114,A,S,10258,0.40834000
1778413642114,A,S,10260,0.00527000
1778413642114,A,S,10260,0.18464000
1778413642114,A,S,10260,0.00014000
1778413642114,A,S,10261,0.01182000
1778413642114,A,S,10261,0.15389000
1778413642114,A,S,10263,0.00014000
1778413642114,A,S,10263,0.12314000
1778413642114,A,S,10264,0.00007000
1778413642114,A,S,10264,0.00026000
1778413642114,A,S,10265,0.40670000
1778413642114,A,S,10265,0.34681000
1778413642114,A,S,10265,0.40882000
1778413642114,A,S,10267,0.00008000
1778413642114,A,S,10269,0.34918000
1778413642114,A,S,10274,0.05172000
1778413642114,A,S,10277,0.00007000
1778413642114,A,S,10281,0.37111000
1778413642114,A,S,10284,2.30236000
1778413642114,A,S,10284,2.96888000
1778413642114,A,S,10284,0.00008000
1778413642114,A,S,10294,0.00118000
1778413642114,A,S,10453,0.08196000
1778413642214,A,B,10258,9.85835000
1778413642214,A,B,10258,0.83831000
1778413642214,A,B,10258,0.05014000
1778413642214,A,B,10258,1.63306000
1778413642214,A,B,10258,0.00022000
1778413642214,A,B,10257,0.06007000
1778413642214,A,B,10257,0.19622000
1778413642214,A,B,10257,0.04000000
1778413642214,A,B,10257,0.18667000
1778413642214,A,B,10256,0.31545000
1778413642214,A,B,10233,0.00200000
1778413642214,A,B,10195,0.00465000
1778413642214,A,B,10182,0.00448000
1778413642214,A,S,10258,0.57680000
1778413642214,A,S,10258,0.00092000
1778413642214,A,S,10258,0.40848000
1778413642214,A,S,10260,0.18464000
1778413642214,A,S,10265,0.39853000
1778413642214,A,S,10265,0.36022000
1778413642214,A,S,10265,0.40261000
1778413642214,A,S,10265,0.00008000
1778413642214,A,S,10268,0.00007000
1778413642214,A,S,10297,0.00200000
1778413642314,A,B,10258,9.85821000
1778413642314,A,B,10258,0.83817000
1778413642314,A,B,10253,0.00060000
1778413642314,A,B,10250,0.01161000
1778413642314,A,B,10182,0.00448000
1778413642314,A,S,10265,0.39444000
1778413642314,A,S,10265,0.29428000
1778413642314,A,S,10267,0.18985000
1778413642314,A,S,10289,0.00800000
1778413642314,A,S,10347,0.00010000
1778413642415,A,B,10182,0.00480000
1778413642415,A,B,10182,0.00010000
1778413642415,A,S,10258,0.57671000
1778413642415,A,S,10258,0.00092000
1778413642415,A,S,10274,0.05172000
1778413642415,A,S,10281,0.00400000
1778413642514,A,B,10233,0.00200000
1778413642514,A,B,10131,0.07527000
1778413642514,A,B,9962,0.00753000
1778413642514,A,B,10182,0.00480000
1778413642514,A,B,10106,0.00030000
1778413642514,A,S,10258,0.57657000
1778413642514,A,S,10258,0.00022000
1778413642514,A,S,10258,0.40840000
1778413642514,A,S,10260,0.00022000
1778413642514,A,S,10261,0.00022000
1778413642514,A,S,10265,0.38831000
1778413642514,A,S,10265,0.40957000
1778413642514,A,S,10265,0.39043000
1778413642514,A,S,10265,0.00008000
1778413642514,A,S,10268,0.00008000
1778413642514,A,S,10269,0.00008000
1778413642514,A,S,10271,0.00008000
1778413642514,A,S,10272,0.39238000
1778413642514,A,S,10275,0.31890000
1778413642514,A,S,10279,0.00008000
1778413642514,A,S,10284,2.30244000
1778413642514,A,S,10286,0.00008000
1778413642514,A,S,10293,0.08105000
1778413642514,A,S,10297,0.00200000
1778413642614,A,B,10251,0.01986000
1778413642614,A,B,10246,0.00061000
1778413642614,A,B,10174,1.30780000
1778413642614,A,B,10182,0.00480000
1778413642614,A,S,10258,0.57645000
1778413642614,A,S,10265,0.29183000
1778413642714,A,B,10258,0.00008000
1778413642714,A,B,10256,0.00008000
1778413642714,A,B,10252,0.00008000
1778413642714,A,B,10250,1.49502000
1778413642714,A,B,10244,0.00008000
1778413642714,A,B,10181,0.27232000
1778413642714,A,B,10046,0.00100000
1778413642714,A,B,10182,0.00480000
1778413642714,A,S,9500,0.00092000
1778413642714,A,S,10470,0.00095000
1778413642814,A,B,10257,0.00050000
1778413642814,A,B,10254,0.02057000
1778413642814,A,B,10182,0.00480000
1778413642814,A,S,10261,0.00036000
1778413642814,A,S,10274,0.00300000
1778413642814,A,S,10297,0.00200000
1778413642914,A,B,10182,0.00480000
1778413642914,A,S,10290,0.09744000
1778413642914,A,S,9742,0.00092000
1778413643014,A,B,10237,0.01496000
1778413643014,A,B,10182,0.00480000
1778413643014,A,B,10106,0.00030000
1778413643014,A,S,10258,0.56905000
1778413643014,A,S,10371,0.00618000
1778413643114,A,B,10233,0.00200000
1778413643114,A,B,10182,0.00464000
1778413643114,A,S,10263,0.32974000
1778413643114,A,S,10297,0.00200000
1778413643114,A,S,10456,0.07697000
1778413643114,A,S,10457,0.07697000
1778413643214,A,B,10258,9.85828000
1778413643214,A,B,10258,0.83824000
1778413643214,A,B,10258,0.00022000
1778413643214,A,B,10258,0.00029000
1778413643214,A,B,10244,0.00007000
1778413643214,A,B,10198,0.00130000
1778413643214,A,B,10159,0.00349000
1778413643214,A,B,10182,0.00464000
1778413643214,A,S,10258,0.56919000
1778413643214,A,S,10263,0.31186000
1778413643214,A,S,10263,0.32706000
1778413643214,A,S,10277,0.00007000
1778413643314,A,B,10258,9.85610000
1778413643314,A,B,10251,0.00007000
1778413643314,A,B,10165,0.00349000
1778413643314,A,B,10182,0.00464000
1778413643314,A,S,10258,0.56919000
1778413643314,A,S,10263,0.32093000
1778413643314,A,S,10263,0.31064000
1778413643314,A,S,10263,0.31179000
1778413643314,A,S,10263,0.00070000
1778413643414,A,B,10171,0.00349000
1778413643414,A,B,10182,0.00464000
1778413643414,A,S,10258,0.56919000
1778413643414,A,S,10263,0.28619000
1778413643414,A,S,10263,0.31889000
1778413643414,A,S,10263,0.32086000
1778413643514,A,B,10258,9.85589000
1778413643514,A,B,10258,0.83803000
1778413643514,A,B,10177,0.00349000
1778413643514,A,B,10182,0.00448000
1778413643514,A,B,10182,0.00030000
1778413643514,A,B,10106,0.00030000
1778413643514,A,S,10258,0.54900000
1778413643514,A,S,10261,0.00014000
1778413643514,A,S,10263,0.00007000
1778413643514,A,S,10263,0.31480000
1778413643514,A,S,10263,0.28612000
1778413643514,A,S,10263,0.00008000
1778413643514,A,S,10265,0.29191000
1778413643514,A,S,10265,0.39035000
1778413643514,A,S,10265,0.00008000
1778413643514,A,S,10273,0.31686000
1778413643514,A,S,10274,0.00300000
1778413643514,A,S,10282,0.00008000
1778413643514,A,S,10283,0.08000000
1778413643514,A,S,10285,0.01470000
1778413643514,A,S,10290,0.09744000
1778413643514,A,S,10293,0.08097000
1778413643514,A,S,10294,0.00008000
1778413643614,A,B,10258,9.85578000
1778413643614,A,B,10258,0.83810000
1778413643614,A,B,10184,0.00349000
1778413643614,A,B,10087,0.10895000
1778413643614,A,B,10182,0.00432000
1778413643614,A,B,10182,0.00010000
1778413643614,A,S,10437,0.10895000
1778413643714,A,B,10217,0.37110000
1778413643714,A,B,10190,0.00348000
1778413643714,A,B,10174,0.95275000
1778413643714,A,B,10046,0.00100000
1778413643714,A,B,10182,0.00416000
1778413643714,A,S,10258,0.54756000
1778413643714,A,S,10288,0.00400000
1778413643714,A,S,10289,0.00400000
1778413643714,A,S,10297,0.00400000
1778413643714,A,S,10387,0.07808000
1778413643714,A,S,10470,0.00095000
1778413643814,A,B,10257,0.00083000
1778413643814,A,B,10196,0.00348000
1778413643814,A,B,10182,0.00432000
1778413643814,A,S,10280,0.00400000
1778413643914,A,B,10202,0.00348000
1778413643914,A,B,10182,0.00432000
1778413644014,A,B,10258,9.85776000
1778413644014,A,B,10258,0.83782000
1778413644014,A,B,10257,0.00618000
1778413644014,A,B,10256,0.30927000
1778413644014,A,B,10208,0.00348000
1778413644014,A,B,10182,0.00432000
1778413644014,A,B,10106,0.00030000
1778413644014,A,S,10276,0.00618000
1778413644014,A,S,10300,0.00618000
1778413644014,A,S,10425,0.00123000
1778413644014,A,S,10257,0.00020000
1778413644114,A,B,10214,0.00348000
1778413644114,A,B,10182,0.00432000
1778413644114,A,S,10366,1.57645000
1778413644214,A,B,10244,0.00007000
1778413644214,A,B,10242,0.00200000
1778413644214,A,B,10239,0.00540000
1778413644214,A,B,10220,0.00348000
1778413644214,A,B,10182,0.00432000
1778413644214,A,S,10258,0.96821000
1778413644214,A,S,10263,0.31473000
1778413644214,A,S,10265,0.29895000
1778413644214,A,S,10277,0.00007000
1778413644214,A,S,10288,0.00400000
1778413644214,A,S,10290,0.00200000
1778413644314,A,B,10226,0.00348000
1778413644314,A,B,10182,0.00448000
1778413644414,A,B,10233,0.00348000
1778413644414,A,B,10182,0.00448000
1778413644414,A,B,10107,0.00300000
1778413644514,A,B,10239,0.00140000
1778413644514,A,B,10239,0.00348000
1778413644514,A,B,10239,0.00400000
1778413644514,A,B,10182,0.00448000
1778413644514,A,B,10106,0.00030000
1778413644514,A,S,10263,0.00015000
1778413644514,A,S,10265,0.00008000
1778413644614,A,B,10250,0.00400000
1778413644614,A,B,10247,0.00400000
1778413644614,A,B,10245,0.00348000
1778413644614,A,B,10087,0.10895000
1778413644614,A,B,10182,0.00448000
1778413644614,A,B,10182,0.00030000
1778413644614,A,S,10258,0.96682000
1778413644614,A,S,10265,0.39648000
1778413644614,A,S,10265,0.29428000
1778413644614,A,S,10265,0.39861000
1778413644614,A,S,10265,0.00008000
1778413644614,A,S,10273,0.40471000
1778413644714,A,B,10046,0.00100000
1778413644714,A,B,10182,0.00448000
1778413644714,A,B,10182,0.00010000
1778413644714,A,S,10470,0.00095000
1778413644814,A,B,10258,9.85764000
1778413644814,A,B,10242,0.00200000
1778413644814,A,B,10178,0.56898000
1778413644814,A,B,10182,0.00464000
1778413644814,A,S,10260,0.00038000
1778413644814,A,S,10262,0.00073000
1778413644814,A,S,10263,0.00348000
1778413644814,A,S,10290,0.00200000
1778413644814,A,S,10290,0.04872000
1778413644814,A,S,10366,0.59191000
1778413644914,A,B,10258,9.85917000
1778413644914,A,B,10258,0.83831000
1778413644914,A,B,10257,0.18660000
1778413644914,A,B,10256,0.19855000
1778413644914,A,B,10255,0.31546000
1778413644914,A,B,10214,0.87974000
1778413644914,A,B,10213,0.44563000
1778413644914,A,B,10182,0.00480000
1778413644914,A,S,10258,0.97006000
1778413644914,A,S,10261,0.00014000
1778413644914,A,S,10261,0.36181000
1778413644914,A,S,10263,0.00008000
1778413644914,A,S,10266,0.23009000
1778413644914,A,S,10269,0.00348000
1778413644914,A,S,10274,0.05172000
1778413644914,A,S,10275,0.00618000
1778413645014,A,B,10258,9.85790000
1778413645014,A,B,10182,0.00480000
1778413645014,A,B,10106,0.00030000
1778413645014,A,S,10258,0.97013000
1778413645014,A,S,10261,0.15389000
1778413645014,A,S,10261,0.35779000
1778413645014,A,S,10261,0.32786000
1778413645014,A,S,10261,0.00021000
1778413645014,A,S,10263,0.12300000
1778413645014,A,S,10265,0.52048000
1778413645014,A,S,10273,0.00618000
1778413645014,A,S,10275,0.00348000
1778413645014,A,S,10282,0.30928000
1778413645014,A,S,10295,0.00400000
1778413645114,A,B,10254,0.02000000
1778413645114,A,B,10182,0.00480000
1778413645114,A,S,10258,1.37458000
1778413645114,A,S,10261,0.15389000
1778413645114,A,S,10261,0.35370000
1778413645114,A,S,10261,0.35575000
1778413645114,A,S,10261,0.00014000
1778413645114,A,S,10261,0.00007000
1778413645114,A,S,10273,0.40266000
1778413645114,A,S,10273,0.00008000
1778413645114,A,S,10282,0.00348000
1778413645214,A,B,10244,0.00007000
1778413645214,A,B,10182,0.00480000
1778413645214,A,S,10258,1.37458000
1778413645214,A,S,10261,0.15389000
1778413645214,A,S,10261,0.00014000
1778413645214,A,S,10261,0.35370000
1778413645214,A,S,10263,0.00007000
1778413645214,A,S,10277,0.00007000
1778413645214,A,S,10288,0.00348000
1778413645314,A,B,10258,9.85117000
1778413645314,A,B,10258,0.83838000
1778413645314,A,B,10258,0.00618000
1778413645314,A,B,10250,0.00400000
1778413645314,A,B,10242,0.04872000
1778413645314,A,B,10226,0.04872000
1778413645314,A,B,10182,0.00464000
1778413645314,A,S,10258,1.37465000
1778413645314,A,S,10261,0.00014000
1778413645314,A,S,10261,0.34962000
1778413645314,A,S,10261,0.29223000
1778413645314,A,S,10261,0.00014000
1778413645314,A,S,10274,0.10044000
1778413645314,A,S,10294,0.00348000
1778413645414,A,B,10258,9.46370000
1778413645414,A,B,10258,0.05014000
1778413645414,A,B,10243,0.00007000
1778413645414,A,B,10241,0.51569000
1778413645414,A,B,10238,0.00400000
1778413645414,A,B,10141,0.01937000
1778413645414,A,B,10182,0.00464000
1778413645414,A,S,10258,1.37465000
1778413645414,A,S,10261,0.00014000
1778413645414,A,S,10261,0.34757000
1778413645414,A,S,10261,0.15389000
1778413645414,A,S,10261,0.34962000
1778413645414,A,S,10264,0.23237000
1778413645414,A,S,10265,0.29428000
1778413645414,A,S,10287,0.00400000
1778413645414,A,S,10300,0.00348000
1778413645514,A,B,10258,9.84891000
1778413645514,A,B,10252,0.01979000
1778413645514,A,B,10250,0.00855000
1778413645514,A,B,10232,0.00200000
1778413645514,A,B,10182,0.00448000
1778413645514,A,B,10106,0.00030000
1778413645514,A,S,10260,0.00014000
1778413645514,A,S,10261,0.01182000
1778413645514,A,S,10261,0.00022000
1778413645514,A,S,10261,0.34771000
1778413645514,A,S,10261,0.00022000
1778413645514,A,S,10261,0.34948000
1778413645514,A,S,10265,0.29436000
1778413645514,A,S,10265,0.39853000
1778413645514,A,S,10269,0.00008000
1778413645514,A,S,10273,0.40274000
1778413645514,A,S,10279,0.00008000
1778413645514,A,S,10291,0.03719000
1778413645514,A,S,10296,0.00200000
1778413645514,A,S,10297,0.00200000
1778413645514,A,S,10306,0.00348000
1778413645614,A,B,10258,9.84828000
1778413645614,A,B,10175,2.96888000
1778413645614,A,B,10182,0.00464000
1778413645614,A,S,10278,2.96888000
1778413645614,A,S,10287,0.00400000
1778413645614,A,S,10312,0.00348000
1778413645714,A,B,10258,9.76836000
1778413645714,A,B,10258,0.74418000
1778413645714,A,B,10258,0.00014000
1778413645714,A,B,10258,1.63307000
1778413645714,A,B,10258,0.00007000
1778413645714,A,B,10258,0.00036000
1778413645714,A,B,10256,0.19848000
1778413645714,A,B,10255,0.00618000
1778413645714,A,B,10255,0.06007000
1778413645714,A,B,10254,0.31547000
1778413645714,A,B,10254,0.00014000
1778413645714,A,B,10250,0.60881000
1778413645714,A,B,10242,0.04872000
1778413645714,A,B,10237,0.00400000
1778413645714,A,B,10214,0.44562000
1778413645714,A,B,10183,1.22594000
1778413645714,A,B,10174,0.01237000
1778413645714,A,B,10046,0.00100000
1778413645714,A,B,10182,0.00464000
1778413645714,A,B,10182,0.00010000
1778413645714,A,S,10258,1.73399000
1778413645714,A,S,10260,0.00014000
1778413645714,A,S,10260,0.32509000
1778413645714,A,S,10260,0.62241000
1778413645714,A,S,10260,0.32713000
1778413645714,A,S,10261,0.00008000
1778413645714,A,S,10261,0.00014000
1778413645714,A,S,10261,0.00008000
1778413645714,A,S,10262,0.00400000
1778413645714,A,S,10263,0.22777000
1778413645714,A,S,10271,0.00618000
1778413645714,A,S,10272,1.15676000
1778413645714,A,S,10273,0.39444000
1778413645714,A,S,10273,1.63299000
1778413645714,A,S,10273,0.00008000
1778413645714,A,S,10273,0.00618000
1778413645714,A,S,10274,0.44529000
1778413645714,A,S,10275,0.00008000
1778413645714,A,S,10276,1.71527000
1778413645714,A,S,10278,0.00008000
1778413645714,A,S,10279,0.00400000
1778413645714,A,S,10281,0.08000000
1778413645714,A,S,10281,0.08000000
1778413645714,A,S,10282,0.61848000
1778413645714,A,S,10283,0.06000000
1778413645714,A,S,10287,0.00800000
1778413645714,A,S,10318,0.00348000
1778413645714,A,S,10374,0.01548000
1778413645814,A,B,10258,9.76731000
1778413645814,A,B,10258,0.74411000
1778413645814,A,B,10258,0.05014000
1778413645814,A,B,10258,0.00022000
1778413645814,A,B,10258,1.63306000
1778413645814,A,B,10250,0.60873000
1778413645814,A,B,10245,0.00008000
1778413645814,A,B,10237,0.00008000
1778413645814,A,B,10229,0.00008000
1778413645814,A,B,10183,0.65144000
1778413645814,A,B,10182,0.00464000
1778413645814,A,B,10182,0.00010000
1778413645814,A,B,10107,0.00300000
1778413645814,A,S,10258,1.73420000
1778413645814,A,S,10258,0.00106000
1778413645814,A,S,10260,0.00527000
1778413645814,A,S,10260,0.31896000
1778413645814,A,S,10260,0.61500000
1778413645814,A,S,10260,0.32100000
1778413645814,A,S,10260,0.00014000
1778413645814,A,S,10260,0.00014000
1778413645814,A,S,10260,0.00028000
1778413645814,A,S,10261,0.01168000
1778413645814,A,S,10261,0.15375000
1778413645814,A,S,10355,0.10895000
1778413645914,A,B,10242,0.04872000
1778413645914,A,B,10171,1.29543000
1778413645914,A,B,10182,0.00464000
1778413645914,A,S,10258,1.72212000
1778413645914,A,S,10258,0.00106000
1778413645914,A,S,10260,0.00527000
1778413645914,A,S,10260,0.00014000
1778413645914,A,S,10260,0.31487000
1778413645914,A,S,10260,0.50873000
1778413645914,A,S,10260,0.00014000
1778413645914,A,S,10260,0.00014000
1778413645914,A,S,10260,0.00014000
1778413645914,A,S,10260,0.00014000
1778413645914,A,S,10261,0.00007000
1778413645914,A,S,10263,0.32707000
1778413645914,A,S,10274,0.05172000
1778413646014,A,B,10255,0.00618000
1778413646014,A,B,10254,0.30929000
1778413646014,A,B,10182,0.00448000
1778413646014,A,B,10106,0.00030000
1778413646014,A,S,10258,1.72329000
1778413646014,A,S,10258,0.00099000
1778413646014,A,S,10260,0.00527000
1778413646014,A,S,10260,0.31501000
1778413646014,A,S,10260,0.50887000
1778413646014,A,S,10261,0.01182000
1778413646014,A,S,10271,0.00618000
1778413646014,A,S,10294,0.00646000
1778413646014,A,S,9777,0.00067000
1778413646114,A,B,10231,0.00200000
1778413646114,A,B,10182,0.00432000
1778413646114,A,B,10106,0.00010000
1778413646114,A,S,10296,0.00200000
1778413646114,A,S,10296,0.00200000
1778413646214,A,B,10250,0.00400000
1778413646214,A,B,10030,0.07443000
1778413646214,A,B,10182,0.00432000
1778413646214,A,S,10287,0.00400000
1778413646214,A,S,10287,0.00400000
1778413646314,A,B,10244,0.00007000
1778413646314,A,B,10226,0.04872000
1778413646314,A,B,9953,0.00234000
1778413646314,A,B,10182,0.00432000
1778413646314,A,S,10274,0.10044000
1778413646314,A,S,10277,0.00007000
1778413646314,A,S,10279,0.00400000
1778413646314,A,S,9937,0.04863000
1778413646414,A,B,10250,0.00840000
1778413646414,A,B,10182,0.00432000
1778413646414,A,S,10274,0.05172000
1778413646414,A,S,10422,0.07407000
1778413646514,A,B,10030,0.00753000
1778413646514,A,B,10182,0.00432000
1778413646514,A,B,10106,0.00030000
1778413646514,A,S,10258,2.11434000
1778413646514,A,S,10260,0.31509000
1778413646514,A,S,10261,0.00015000
1778413646514,A,S,10262,0.19924000
1778413646514,A,S,10263,0.00008000
1778413646514,A,S,10263,0.32699000
1778413646514,A,S,10266,0.00010000
1778413646514,A,S,10273,0.39452000
1778413646514,A,S,10276,0.00008000
1778413646514,A,S,10277,0.08000000
1778413646514,A,S,10277,0.08000000
1778413646514,A,S,10277,0.06000000
1778413646514,A,S,10278,0.00008000
1778413646514,A,S,10282,0.00008000
1778413646514,A,S,10287,0.00400000
1778413646514,A,S,10288,0.00008000
1778413646614,A,B,10258,10.12377000
1778413646614,A,B,10258,0.31518000
1778413646614,A,B,10258,0.00014000
1778413646614,A,B,10258,0.00014000
1778413646614,A,B,10258,0.00008000
1778413646614,A,B,10258,0.00007000
1778413646614,A,B,10257,0.00007000
1778413646614,A,B,10257,0.00014000
1778413646614,A,B,10257,0.02014000
1778413646614,A,B,10257,0.00014000
1778413646614,A,B,10255,0.15550000
1778413646614,A,B,10255,0.00008000
1778413646614,A,B,10255,1.46113000
1778413646614,A,B,10254,0.00007000
1778413646614,A,B,10253,0.45825000
1778413646614,A,B,10253,0.06000000
1778413646614,A,B,10253,1.63299000
1778413646614,A,B,10253,0.00008000
1778413646614,A,B,10252,0.31547000
1778413646614,A,B,10251,0.00618000
1778413646614,A,B,10251,0.06000000
1778413646614,A,B,10250,0.08000000
1778413646614,A,B,10250,0.25150000
1778413646614,A,B,10250,0.08000000
1778413646614,A,B,10248,0.37111000
1778413646614,A,B,10237,0.01498000
1778413646614,A,B,10226,0.04872000
1778413646614,A,B,10218,0.28751000
1778413646614,A,B,10210,0.44564000
1778413646614,A,B,10182,0.00087000
1778413646614,A,B,10165,0.00717000
1778413646614,A,B,10102,0.00035000
1778413646614,A,B,10182,0.00432000
1778413646614,A,B,9955,0.00208000
1778413646614,A,S,10258,3.86204000
1778413646614,A,S,10258,0.34466000
1778413646614,A,S,10258,0.00014000
1778413646614,A,S,10258,0.19130000
1778413646614,A,S,10260,0.00036000
1778413646614,A,S,10260,0.00014000
1778413646614,A,S,10260,0.00400000
1778413646614,A,S,10261,0.00022000
1778413646614,A,S,10263,0.00018000
1778413646614,A,S,10265,0.23674000
1778413646614,A,S,10265,0.37568000
1778413646614,A,S,10265,0.00008000
1778413646614,A,S,10266,0.02000000
1778413646614,A,S,10269,0.00618000
1778413646614,A,S,10272,0.32904000
1778413646614,A,S,10273,0.00156000
1778413646614,A,S,10277,0.00400000
1778413646614,A,S,10278,0.06000000
1778413646614,A,S,10280,0.30929000
1778413646614,A,S,10289,1.22433000
1778413646614,A,S,10293,1.46603000
1778413646614,A,S,10298,0.02422000
1778413646714,A,B,10258,10.03718000
1778413646714,A,B,10258,0.31518000
1778413646714,A,B,10258,0.00007000
1778413646714,A,B,10258,0.00007000
1778413646714,A,B,10258,0.12394000
1778413646714,A,B,10257,0.02007000
1778413646714,A,B,10257,0.02007000
1778413646714,A,B,10257,0.02021000
1778413646714,A,B,10251,0.08660000
1778413646714,A,B,10226,0.09744000
1778413646714,A,B,10046,0.00100000
1778413646714,A,B,10182,0.00448000
1778413646714,A,S,10258,3.86206000
1778413646714,A,S,10258,0.00014000
1778413646714,A,S,10258,0.34480000
1778413646714,A,S,10258,0.01558000
1778413646714,A,S,10258,0.19144000
1778413646714,A,S,10260,0.00527000
1778413646714,A,S,10260,0.00008000
1778413646714,A,S,10274,0.10044000
1778413646714,A,S,10470,0.00095000
1778413646814,A,B,10226,0.04872000
1778413646814,A,B,10182,0.00456000
1778413646814,A,B,10182,0.00010000
1778413646915,A,B,10258,8.17738000
1778413646915,A,B,10258,0.31518000
1778413646915,A,B,10256,0.00008000
1778413646915,A,B,10253,0.00008000
1778413646915,A,B,10253,0.20640000
1778413646915,A,B,10252,0.00208000
1778413646915,A,B,10251,0.00008000
1778413646915,A,B,10241,0.00008000
1778413646915,A,B,10235,0.00400000
1778413646915,A,B,10175,1.47889000
1778413646915,A,B,10140,0.37111000
1778413646915,A,B,10182,0.00448000
1778413646915,A,B,10182,0.00010000
1778413646915,A,S,10258,4.07837000
1778413646915,A,S,10258,0.00099000
1778413646915,A,S,10285,0.00400000
1778413646915,A,S,10301,0.00215000
1778413647014,A,B,10258,6.08419000
1778413647014,A,B,10258,0.18108000
1778413647014,A,B,10258,0.00022000
1778413647014,A,B,10258,0.00014000
1778413647014,A,B,10257,0.00007000
1778413647014,A,B,10257,0.00007000
1778413647014,A,B,10257,0.00007000
1778413647014,A,B,10256,0.00022000
1778413647014,A,B,10255,0.00007000
1778413647014,A,B,10255,0.79233000
1778413647014,A,B,10253,0.00008000
1778413647014,A,B,10253,0.45832000
1778413647014,A,B,10253,0.20647000
1778413647014,A,B,10250,0.20051000
1778413647014,A,B,10250,0.24750000
1778413647014,A,B,10250,0.30931000
1778413647014,A,B,10249,0.00618000
1778413647014,A,B,10248,0.00400000
1778413647014,A,B,10247,0.00162000
1778413647014,A,B,10246,1.63307000
1778413647014,A,B,10243,1.63307000
1778413647014,A,B,10240,0.00400000
1778413647014,A,B,10240,0.00008000
1778413647014,A,B,10237,0.52171000
1778413647014,A,B,10226,0.00200000
1778413647014,A,B,10224,0.00400000
1778413647014,A,B,10222,0.00400000
1778413647014,A,B,10218,0.00400000
1778413647014,A,B,10208,0.28754000
1778413647014,A,B,10195,0.27524000
1778413647014,A,B,10191,0.40273000
1778413647014,A,B,10163,2.96888000
1778413647014,A,B,10141,0.19261000
1778413647014,A,B,10182,0.00448000
1778413647014,A,B,10106,0.00030000
1778413647014,A,S,10258,4.25797000
1778413647014,A,S,10258,0.01958000
1778413647014,A,S,10261,0.36181000
1778413647014,A,S,10263,0.35909000
1778413647014,A,S,10265,1.98451000
1778413647014,A,S,10265,0.00618000
1778413647014,A,S,10269,0.85337000
1778413647014,A,S,10269,1.63307000
1778413647014,A,S,10271,0.04634000
1778413647014,A,S,10272,0.37111000
1778413647014,A,S,10272,0.77256000
1778413647014,A,S,10273,0.00008000
1778413647014,A,S,10276,0.30939000
1778413647014,A,S,10289,0.25559000
1778413647014,A,S,10291,0.00200000
1778413647014,A,S,10476,0.04824000
1778413647114,A,B,10258,6.08327000
1778413647114,A,B,10258,0.18108000
1778413647114,A,B,10258,0.00007000
1778413647114,A,B,10257,0.19622000
1778413647114,A,B,10257,0.18667000
1778413647114,A,B,10256,0.19855000
1778413647114,A,B,10255,0.15557000
1778413647114,A,B,10255,0.79240000
1778413647114,A,B,10249,0.00026000
1778413647114,A,B,10248,0.60647000
1778413647114,A,B,10246,1.63299000
1778413647114,A,B,10246,0.00008000
1778413647114,A,B,10243,1.63299000
1778413647114,A,B,10243,0.00008000
1778413647114,A,B,10240,2.96888000
1778413647114,A,B,10226,0.09744000
1778413647114,A,B,10143,0.03836000
1778413647114,A,B,10072,0.07697000
1778413647114,A,B,9797,0.00014000
1778413647114,A,B,10182,0.00432000
1778413647114,A,S,10258,4.30045000
1778413647114,A,S,10258,0.51569000
1778413647114,A,S,10262,0.04000000
1778413647114,A,S,10265,0.34743000
1778413647114,A,S,10265,0.51997000
1778413647114,A,S,10265,1.63299000
1778413647114,A,S,10268,0.00007000
1778413647114,A,S,10269,0.55791000
1778413647114,A,S,10272,0.08000000
1778413647114,A,S,10273,0.08000000
1778413647114,A,S,10273,0.06000000
1778413647114,A,S,10274,0.06000000
1778413647214,A,B,10258,6.08299000
1778413647214,A,B,10258,0.18108000
1778413647214,A,B,10240,0.00408000
1778413647214,A,B,10232,0.02400000
1778413647214,A,B,10094,0.08677000
1778413647214,A,B,10182,0.00448000
1778413647214,A,B,10107,0.00300000
1778413647214,A,S,10258,4.29855000
1778413647214,A,S,10267,0.00188000
1778413647214,A,S,10273,0.00400000
1778413647214,A,S,10281,0.00400000
1778413647314,A,B,10244,0.00007000
1778413647314,A,B,10182,0.00480000
1778413647314,A,S,10258,4.30043000
1778413647314,A,S,10277,0.00007000
1778413647414,A,B,10242,0.07425000
1778413647414,A,B,10220,0.00400000
1778413647414,A,B,10182,0.00480000
1778413647514,A,B,9962,0.00753000
1778413647514,A,B,10182,0.00480000
1778413647514,A,B,10106,0.00030000
1778413647614,A,B,10160,1.29543000
1778413647614,A,B,10182,0.00480000
1778413647614,A,S,10258,0.00022000
1778413647614,A,S,10258,0.51561000
1778413647614,A,S,10260,0.00022000
1778413647614,A,S,10261,0.00014000
1778413647614,A,S,10261,0.00008000
1778413647614,A,S,10263,0.00008000
1778413647614,A,S,10265,0.52005000
1778413647614,A,S,10266,0.00008000
1778413647614,A,S,10269,0.55799000
1778413647614,A,S,10269,1.63299000
1778413647614,A,S,10274,0.00008000
1778413647614,A,S,10276,0.00008000
1778413647614,A,S,10276,0.30931000
1778413647614,A,S,10289,0.00008000
1778413647714,A,B,10258,6.08026000
1778413647714,A,B,10258,0.18101000
1778413647714,A,B,10254,0.04090000
1778413647714,A,B,10244,0.02000000
1778413647714,A,B,10242,0.04872000
1778413647714,A,B,10226,0.04872000
1778413647714,A,B,10178,0.02000000
1778413647714,A,B,10089,0.08677000
1778413647714,A,B,10046,0.00100000
1778413647714,A,B,10182,0.00480000
1778413647714,A,S,10258,4.30029000
1778413647714,A,S,10261,0.00007000
1778413647714,A,S,10269,0.32699000
1778413647714,A,S,10470,0.00095000
1778413647814,A,B,10253,0.45825000
1778413647814,A,B,10246,0.06000000
1778413647814,A,B,10244,0.06000000
1778413647814,A,B,10243,0.08000000
1778413647814,A,B,10242,0.08000000
1778413647814,A,B,10232,0.02000000
1778413647814,A,B,10232,0.00400000
1778413647814,A,B,10226,0.09744000
1778413647814,A,B,10182,0.00480000
1778413647814,A,S,10258,4.30022000
1778413647814,A,S,10263,0.29612000
1778413647814,A,S,10268,0.33524000
1778413647814,A,S,10281,0.00400000
1778413647914,A,B,10256,0.00014000
1778413647914,A,B,10252,0.09337000
1778413647914,A,B,10250,0.00008000
1778413647914,A,B,10246,0.00008000
1778413647914,A,B,10246,0.00408000
1778413647914,A,B,10243,0.00008000
1778413647914,A,B,10242,0.00008000
1778413647914,A,B,10237,0.00008000
1778413647914,A,B,10231,0.00008000
1778413647914,A,B,10229,0.00008000
1778413647914,A,B,10170,0.48542000
1778413647914,A,B,10182,0.00464000
1778413647914,A,S,10281,0.00400000
1778413648014,A,B,10246,0.04000000
1778413648014,A,B,10246,0.06000000
1778413648014,A,B,10246,0.02000000
1778413648014,A,B,10244,0.02000000
1778413648014,A,B,10244,0.08000000
1778413648014,A,B,10243,0.02000000
1778413648014,A,B,10243,0.02000000
1778413648014,A,B,10243,0.02000000
1778413648014,A,B,10243,0.02000000
1778413648014,A,B,10243,0.02000000
1778413648014,A,B,10198,0.00067000
1778413648014,A,B,10195,0.02000000
1778413648014,A,B,10194,0.02232000
1778413648014,A,B,10192,0.02000000
1778413648014,A,B,10176,0.02000000
1778413648014,A,B,10176,0.02000000
1778413648014,A,B,10176,0.02000000
1778413648014,A,B,10176,0.02000000
1778413648014,A,B,10174,0.02000000
1778413648014,A,B,10174,0.02000000
1778413648014,A,B,10174,0.02000000
1778413648014,A,B,10173,0.02000000
1778413648014,A,B,10173,0.02415000
1778413648014,A,B,10182,0.00464000
1778413648014,A,B,10182,0.00030000
1778413648014,A,B,10106,0.00030000
1778413648014,A,S,10271,0.08600000
1778413648014,A,S,10271,0.08400000
1778413648014,A,S,10271,0.03200000
1778413648014,A,S,10271,0.03000000
1778413648014,A,S,10272,0.03400000
1778413648014,A,S,10273,0.03000000
1778413648014,A,S,10273,0.02400000
1778413648014,A,S,10273,0.00408000
1778413648014,A,S,10274,0.47329000
1778413648014,A,S,10274,0.02400000
1778413648014,A,S,10274,0.02200000
1778413648014,A,S,10274,0.02600000
1778413648014,A,S,10280,0.08400000
1778413648014,A,S,10335,0.00067000
1778413648115,A,B,10258,6.08026000
1778413648115,A,B,10258,0.18101000
1778413648115,A,B,10182,0.00464000
1778413648115,A,B,10182,0.00010000
1778413648115,A,S,10280,0.04200000
1778413648115,A,S,10283,0.00464000
1778413648214,A,B,10182,0.00464000
1778413648314,A,B,10258,6.08009000
1778413648314,A,B,10244,0.00007000
1778413648314,A,B,10087,0.08678000
1778413648314,A,B,10182,0.00464000
1778413648314,A,B,10182,0.00010000
1778413648314,A,S,10258,4.29419000
1778413648314,A,S,10277,0.00007000
1778413648415,A,B,10258,5.55434000
1778413648415,A,B,10258,0.18108000
1778413648415,A,B,10249,0.00618000
1778413648415,A,B,10248,0.30932000
1778413648415,A,B,10182,0.00464000
1778413648514,A,B,10258,5.75830000
1778413648514,A,B,10182,0.00432000
1778413648514,A,B,10106,0.00030000
1778413648514,A,S,10273,0.00008000
1778413648514,A,S,10281,0.00400000
1778413648615,A,B,10258,6.08030000
1778413648615,A,B,10182,0.00432000
1778413648615,A,S,10258,4.29412000
1778413648615,A,S,10258,0.00085000
1778413648615,A,S,10273,0.01018000
1778413648615,A,S,10281,0.00400000
1778413648714,A,B,10258,6.08009000
1778413648714,A,B,10258,0.18101000
1778413648714,A,B,10046,0.00100000
1778413648714,A,B,10182,0.00432000
1778413648714,A,S,10268,0.00008000
1778413648714,A,S,10272,0.00008000
1778413648714,A,S,10274,0.00008000
1778413648714,A,S,10288,0.00008000
1778413648714,A,S,10470,0.00095000
1778413648814,A,B,10258,6.08009000
1778413648814,A,B,10258,0.18101000
1778413648814,A,B,10226,0.00200000
1778413648814,A,B,10091,0.08677000
1778413648814,A,B,10182,0.00432000
1778413648814,A,S,10258,4.29224000
1778413648814,A,S,10290,0.00200000
1778413648814,A,S,10382,0.04055000
1778413648814,A,S,10411,80.82008000
1778413648915,A,B,10258,6.07997000
1778413648915,A,B,10250,0.00008000
1778413648915,A,B,10248,0.00008000
1778413648915,A,B,10243,0.00008000
1778413648915,A,B,10242,0.07425000
1778413648915,A,B,10240,2.35542000
1778413648915,A,B,10240,2.96896000
1778413648915,A,B,10167,0.10773000
1778413648915,A,B,10182,0.00416000
1778413648915,A,S,10258,4.29224000
1778413649014,A,B,10258,5.51813000
1778413649014,A,B,10258,0.18108000
1778413649014,A,B,10237,0.01479000
1778413649014,A,B,10231,0.00400000
1778413649014,A,B,10226,0.02000000
1778413649014,A,B,10226,0.04000000
1778413649014,A,B,10226,0.02000000
1778413649014,A,B,10224,0.02000000
1778413649014,A,B,10223,0.02000000
1778413649014,A,B,10223,0.02000000
1778413649014,A,B,10223,0.14824000
1778413649014,A,B,10223,0.02000000
1778413649014,A,B,10222,0.02008000
1778413649014,A,B,10182,0.00087000
1778413649014,A,B,10174,0.02000000
1778413649014,A,B,10174,0.02000000
1778413649014,A,B,10173,0.02415000
1778413649014,A,B,10102,0.00035000
1778413649014,A,B,10182,0.00416000
1778413649014,A,B,10106,0.00030000
1778413649014,A,S,10258,4.29415000
1778413649014,A,S,10273,0.00618000
1778413649014,A,S,10281,0.00400000
1778413649014,A,S,10326,0.03200000
1778413649014,A,S,10329,0.02800000
1778413649014,A,S,10329,0.02600000
1778413649014,A,S,10351,0.03400000
1778413649014,A,S,10352,0.02400000
1778413649114,A,B,10258,5.51813000
1778413649114,A,B,10234,0.52596000
1778413649114,A,B,10182,0.00448000
1778413649114,A,B,10182,0.00010000
1778413649114,A,S,10258,4.29415000
1778413649114,A,S,10273,0.02800000
1778413649214,A,B,10258,5.50578000
1778413649214,A,B,10182,0.00448000
1778413649214,A,S,10268,0.33321000
1778413649314,A,B,10258,2.43624000
1778413649314,A,B,10258,0.18115000
1778413649314,A,B,10256,0.19862000
1778413649314,A,B,10256,0.00007000
1778413649314,A,B,10256,0.07000000
1778413649314,A,B,10253,0.20654000
1778413649314,A,B,10253,0.08000000
1778413649314,A,B,10250,0.00007000
1778413649314,A,B,10250,0.57185000
1778413649314,A,B,10250,1.63299000
1778413649314,A,B,10247,0.00618000
1778413649314,A,B,10246,1.63307000
1778413649314,A,B,10246,0.00625000
1778413649314,A,B,10245,0.30932000
1778413649314,A,B,10243,1.63307000
1778413649314,A,B,10240,4.60187000
1778413649314,A,B,10240,0.00008000
1778413649314,A,B,10240,0.00008000
1778413649314,A,B,10231,0.00400000
1778413649314,A,B,10229,0.01484000
1778413649314,A,B,10216,0.00400000
1778413649314,A,B,10199,0.44570000
1778413649314,A,B,10182,0.00087000
1778413649314,A,B,10126,0.37111000
1778413649314,A,B,10104,0.08676000
1778413649314,A,B,10102,0.00035000
1778413649314,A,B,10182,0.00448000
1778413649314,A,S,10258,4.29433000
1778413649314,A,S,10258,0.00022000
1778413649314,A,S,10258,0.00022000
1778413649314,A,S,10258,0.00666000
1778413649314,A,S,10261,0.36181000
1778413649314,A,S,10262,0.00618000
1778413649314,A,S,10263,0.04634000
1778413649314,A,S,10263,0.00348000
1778413649314,A,S,10264,0.00156000
1778413649314,A,S,10268,0.00007000
1778413649314,A,S,10268,0.09519000
1778413649314,A,S,10268,0.08000000
1778413649314,A,S,10269,0.06000000
1778413649314,A,S,10269,0.44532000
1778413649314,A,S,10269,0.06000000
1778413649314,A,S,10272,0.37119000
1778413649314,A,S,10273,0.30932000
1778413649314,A,S,10273,0.61865000
1778413649314,A,S,10287,0.11295000
1778413649314,A,S,10348,0.15425000
1778413649314,A,S,10349,1.11511000
1778413649314,A,S,10351,0.10895000
1778413649314,A,S,10382,0.11371000
1778413649314,A,S,10382,0.37111000
1778413649314,A,S,9595,0.00061000
1778413649414,A,B,10258,2.83476000
1778413649414,A,B,10256,0.19862000
1778413649414,A,B,10244,0.00007000
1778413649414,A,B,10244,0.00400000
1778413649414,A,B,10240,0.37111000
1778413649414,A,B,10236,0.00400000
1778413649414,A,B,10182,0.00448000
1778413649414,A,S,10258,4.50045000
1778413649414,A,S,10258,0.01958000
1778413649414,A,S,10258,0.00680000
1778413649414,A,S,10261,0.01168000
1778413649414,A,S,10263,0.00060000
1778413649414,A,S,10266,0.01439000
1778413649414,A,S,10277,0.00007000
1778413649414,A,S,10281,0.00309000
1778413649414,A,S,10382,0.07277000
1778413649514,A,B,10240,0.07425000
1778413649514,A,B,10182,0.00448000
1778413649514,A,B,10106,0.00030000
1778413649614,A,B,10258,1.75006000
1778413649614,A,B,10256,0.07007000
1778413649614,A,B,10246,0.30932000
1778413649614,A,B,10229,0.50945000
1778413649614,A,B,10218,0.00400000
1778413649614,A,B,10204,0.96296000
1778413649614,A,B,10078,0.10895000
1778413649614,A,B,10076,0.10895000
1778413649614,A,B,10182,0.00448000
1778413649614,A,B,10182,0.00010000
1778413649614,A,S,10258,4.49967000
1778413649714,A,B,10254,0.00014000
1778413649714,A,B,10222,0.00200000
1778413649714,A,B,10046,0.00100000
1778413649714,A,B,10182,0.00480000
1778413649714,A,S,10263,0.00008000
1778413649714,A,S,10263,0.29604000
1778413649714,A,S,10265,0.00008000
1778413649714,A,S,10268,0.00008000
1778413649714,A,S,10268,0.33313000
1778413649714,A,S,10269,0.00008000
1778413649714,A,S,10272,0.37111000
1778413649714,A,S,10287,0.00200000
1778413649714,A,S,10287,0.00200000
1778413649714,A,S,10470,0.00095000
1778413649814,A,B,10258,1.74999000
1778413649814,A,B,10258,0.18108000
1778413649814,A,B,10255,0.79240000
1778413649814,A,B,10254,0.00007000
1778413649814,A,B,10254,0.00686000
1778413649814,A,B,10182,0.00480000
1778413649814,A,S,10264,0.00618000
1778413649914,A,B,10253,0.00016000
1778413649914,A,B,10250,0.57193000
1778413649914,A,B,10246,0.00008000
1778413649914,A,B,10246,1.63299000
1778413649914,A,B,10245,0.06804000
1778413649914,A,B,10244,0.00008000
1778413649914,A,B,10243,0.02008000
1778413649914,A,B,10243,1.63299000
1778413649914,A,B,10240,0.01567000
1778413649914,A,B,10240,2.30473000
1778413649914,A,B,10217,0.37118000
1778413649914,A,B,10183,0.38542000
1778413649914,A,B,10173,1.94785000
1778413649914,A,B,10158,0.69296000
1778413649914,A,B,10158,1.29543000
1778413649914,A,B,10049,0.08682000
1778413649914,A,B,10182,0.00480000
1778413649914,A,S,10258,4.51044000
1778413650014,A,B,10132,0.01937000
1778413650014,A,B,10182,0.00480000
1778413650014,A,B,10106,0.00030000
1778413650014,A,S,10258,4.50986000
1778413650014,A,S,10308,0.04400000
1778413650014,A,S,10308,0.04200000
1778413650014,A,S,10310,0.03400000
1778413650014,A,S,10311,0.02400000
1778413650014,A,S,10311,0.02200000
1778413650114,A,B,10071,0.07696000
1778413650114,A,B,9825,0.02000000
1778413650114,A,B,10182,0.00480000
1778413650114,A,S,10445,0.00491000
1778413650214,A,B,10228,0.00400000
1778413650214,A,B,10175,0.01793000
1778413650214,A,B,10182,0.00480000
1778413650214,A,B,10182,0.00030000
1778413650214,A,B,10106,0.00010000
1778413650214,A,S,10258,4.50847000
1778413650214,A,S,10278,0.00400000
1778413650314,A,B,10258,0.00078000
1778413650314,A,B,10229,0.49637000
1778413650314,A,B,10222,0.00207000
1778413650314,A,B,10204,0.93985000
1778413650314,A,B,10173,2.00354000
1778413650314,A,B,10182,0.00480000
1778413650314,A,B,10182,0.00010000
1778413650314,A,B,9955,0.00221000
1778413650314,A,S,10287,0.00200000
1778413650414,A,B,10258,1.74985000
1778413650414,A,B,10258,0.00071000
1778413650414,A,B,10256,0.00014000
1778413650414,A,B,10254,0.12447000
1778413650414,A,B,10250,0.33624000
1778413650414,A,B,10244,0.00007000
1778413650414,A,B,10173,2.05923000
1778413650414,A,B,10066,0.08680000
1778413650414,A,B,9990,0.01937000
1778413650414,A,B,9962,0.00436000
1778413650414,A,B,10182,0.00464000
1778413650414,A,S,10277,0.00007000
1778413650514,A,B,10258,1.74978000
1778413650514,A,B,10258,0.00071000
1778413650514,A,B,10182,0.00464000
1778413650514,A,B,10106,0.00030000
1778413650614,A,B,10258,1.74958000
1778413650614,A,B,10222,0.00200000
1778413650614,A,B,10222,0.00007000
1778413650614,A,B,10182,0.00464000
1778413650614,A,S,10287,0.00200000
1778413650614,A,S,10287,0.00200000
1778413650714,A,B,9990,0.00753000
1778413650714,A,B,10046,0.00100000
1778413650714,A,B,10182,0.00448000
1778413650714,A,S,10470,0.00095000
1778413650815,A,B,10236,0.00400000
1778413650815,A,B,10182,0.00448000
1778413650815,A,S,10271,0.00008000
1778413650815,A,S,10273,0.02400000
1778413650815,A,S,10278,0.00400000
1778413650815,A,S,10279,0.00008000
1778413650815,A,S,10291,0.03711000
1778413650815,A,S,10380,0.04055000
1778413650914,A,B,10246,0.00008000
1778413650914,A,B,10246,0.00400000
1778413650914,A,B,10245,0.00008000
1778413650914,A,B,10242,0.00008000
1778413650914,A,B,10241,0.00008000
1778413650914,A,B,10240,0.01559000
1778413650914,A,B,10234,0.00008000
1778413650914,A,B,10232,2.96939000
1778413650914,A,B,10217,0.37110000
1778413650914,A,B,10182,0.00432000
1778413650914,A,S,10270,0.00400000
1778413651014,A,B,10070,0.08679000
1778413651014,A,B,10182,0.00432000
1778413651014,A,B,10106,0.00030000
1778413651114,A,B,10232,0.00200000
1778413651114,A,B,10228,0.00400000
1778413651114,A,B,10209,0.00020000
1778413651114,A,B,10182,0.00432000
1778413651114,A,B,10182,0.00010000
1778413651114,A,S,10258,4.50824000
1778413651114,A,S,10278,0.00400000
1778413651114,A,S,10280,0.00200000
1778413651114,A,S,10307,0.00030000
1778413651114,A,S,10346,0.86376000
1778413651114,A,S,10347,1.57645000
1778413651114,A,S,10366,0.13376000
1778413651114,A,S,10447,0.07696000
1778413651114,A,S,10448,0.07696000
1778413651214,A,B,10258,1.73350000
1778413651214,A,B,10182,0.00432000
1778413651214,A,S,10268,0.33116000
1778413651315,A,B,10244,0.00400000
1778413651315,A,B,10182,0.00432000
1778413651315,A,B,10182,0.00030000
1778413651315,A,S,10268,0.85075000
1778413651315,A,S,10269,0.00008000
1778413651315,A,S,10325,0.00010000
1778413651414,A,B,10244,0.00007000
1778413651414,A,B,10232,0.00200000
1778413651414,A,B,10228,0.00400000
1778413651414,A,B,10182,0.00432000
1778413651414,A,B,10182,0.00010000
1778413651414,A,S,10277,0.00007000
1778413651414,A,S,10278,0.00400000
1778413651414,A,S,10280,0.00200000
1778413651514,A,B,10258,2.52120000
1778413651514,A,B,10257,0.00014000
1778413651514,A,B,10257,0.19517000
1778413651514,A,B,10250,0.54931000
1778413651514,A,B,10073,0.08679000
1778413651514,A,B,10182,0.00432000
1778413651514,A,B,10106,0.00030000
1778413651514,A,S,10258,4.50812000
1778413651514,A,S,10261,0.00007000
1778413651614,A,B,10258,2.52127000
1778413651614,A,B,10258,0.00078000
1778413651614,A,B,10257,0.19524000
1778413651614,A,B,10254,0.12440000
1778413651614,A,B,10161,0.00309000
1778413651614,A,B,10076,0.10895000
1778413651614,A,B,10182,0.00448000
1778413651614,A,S,10421,0.07407000
1778413651714,A,B,10258,2.52134000
1778413651714,A,B,10255,1.19372000
1778413651714,A,B,10253,1.63307000
1778413651714,A,B,10218,0.00020000
1778413651714,A,B,9825,0.00755000
1778413651714,A,B,10046,0.00100000
1778413651714,A,B,10182,0.00448000
1778413651714,A,S,10302,0.00020000
1778413651714,A,S,10307,0.00010000
1778413651814,A,B,10258,4.05452000
1778413651814,A,B,10258,0.00071000
1778413651814,A,B,10248,0.30940000
1778413651814,A,B,10247,0.00618000
1778413651814,A,B,10246,0.00007000
1778413651814,A,B,10175,0.05569000
1778413651814,A,B,10029,0.07364000
1778413651814,A,B,10182,0.00448000
1778413651814,A,S,10258,4.50889000
1778413651814,A,S,10258,0.00064000
1778413651814,A,S,10258,0.34472000
1778413651814,A,S,10261,0.00022000
1778413651814,A,S,10265,0.00618000
1778413651814,A,S,10268,0.00008000
1778413651814,A,S,10273,0.00008000
1778413651814,A,S,10275,0.30932000
1778413651814,A,S,10276,0.61855000
1778413651814,A,S,10284,0.00008000
1778413651814,A,S,10355,1.57645000
1778413651814,A,S,10334,0.00007000
1778413651914,A,B,10250,0.00407000
1778413651914,A,B,10231,0.00400000
1778413651914,A,B,10175,0.11138000
1778413651914,A,B,10158,0.30628000
1778413651914,A,B,10182,0.00448000
1778413651914,A,B,9955,0.00234000
1778413651914,A,S,10258,4.50794000
1778413651914,A,S,10267,0.00048000
1778413651914,A,S,10267,0.00048000
1778413651914,A,S,10380,0.07056000
1778413651914,A,S,10420,7.83297000
1778413651914,A,S,10419,48.43726000
1778413652014,A,B,10253,0.00008000
1778413652014,A,B,10253,1.63299000
1778413652014,A,B,10247,0.00400000
1778413652014,A,B,10239,0.00400000
1778413652014,A,B,10231,0.00400000
1778413652014,A,B,10182,0.00448000
1778413652014,A,B,10106,0.00030000
1778413652014,A,S,10281,0.00400000
1778413652114,A,B,10130,0.08673000
1778413652114,A,B,10182,0.00464000
1778413652114,A,S,10476,0.04824000
1778413652214,A,B,10073,0.07696000
1778413652214,A,B,10073,0.07696000
1778413652214,A,B,10182,0.00480000
1778413652214,A,B,10182,0.00010000
1778413652214,A,S,10258,4.35687000
1778413652214,A,S,10274,0.05172000
1778413652214,A,S,10290,0.04872000
1778413652314,A,B,10258,4.05423000
1778413652314,A,B,10231,0.00400000
1778413652314,A,B,10182,0.00480000
1778413652314,A,S,10274,0.10044000
1778413652314,A,S,10281,0.00400000
1778413652414,A,B,10182,0.00480000
1778413652414,A,S,10258,4.31684000
1778413652514,A,B,10249,0.00618000
1778413652514,A,B,10244,0.00007000
1778413652514,A,B,10182,0.00464000
1778413652514,A,B,10182,0.00010000
1778413652514,A,B,10106,0.00030000
1778413652514,A,S,10277,0.00007000
1778413652614,A,B,10239,0.00400000
1778413652614,A,B,10235,0.00200000
1778413652614,A,B,10231,0.00400000
1778413652614,A,B,10079,0.10995000
1778413652614,A,B,10182,0.00464000
1778413652614,A,S,10274,0.00400000
1778413652614,A,S,10282,0.00400000
1778413652614,A,S,10283,0.00200000
1778413652614,A,S,10434,0.10995000
1778413652714,A,B,10258,3.77819000
1778413652714,A,B,10253,0.04000000
1778413652714,A,B,10248,0.00618000
1778413652714,A,B,10160,1.29543000
1778413652714,A,B,10132,0.08673000
1778413652714,A,B,10029,0.00753000
1778413652714,A,B,10046,0.00100000
1778413652714,A,B,9797,0.00014000
1778413652714,A,B,10182,0.00480000
1778413652714,A,S,10258,4.31780000
1778413652714,A,S,10470,0.00095000
1778413652814,A,B,10258,4.02569000
1778413652814,A,B,10182,0.00464000
1778413652814,A,S,10258,4.31684000
1778413652814,A,S,10258,0.00014000
1778413652814,A,S,10258,0.34480000
1778413652814,A,S,10263,0.00008000
1778413652814,A,S,10267,0.00048000
1778413652814,A,S,10267,0.00048000
1778413652814,A,S,10272,0.00008000
1778413652814,A,S,10274,0.00408000
1778413652814,A,S,10275,0.00008000
1778413652814,A,S,10382,0.04055000
1778413652914,A,B,10182,0.00464000
1778413652914,A,S,10258,4.31684000
1778413653014,A,B,10233,0.00008000
1778413653014,A,B,10232,2.96931000
1778413653014,A,B,10225,0.00200000
1778413653014,A,B,10182,0.00464000
1778413653014,A,B,10106,0.00030000
1778413653014,A,S,10267,0.00048000
1778413653014,A,S,10290,0.00200000
1778413653014,A,S,10353,1.82913000
1778413653114,A,B,10231,0.00400000
1778413653114,A,B,10175,0.22276000
1778413653114,A,B,10072,0.52836000
1778413653114,A,B,10182,0.00464000
1778413653214,A,B,10247,0.00400000
1778413653214,A,B,10239,0.00400000
1778413653214,A,B,9543,0.02596000
1778413653214,A,B,10182,0.00464000
1778413653214,A,S,10274,0.00008000
1778413653214,A,S,10282,0.00400000
1778413653315,A,B,10182,0.00448000
1778413653315,A,B,10107,0.00900000
1778413653315,A,S,10274,0.00400000
1778413653315,A,S,10290,0.00200000
1778413653414,A,B,10258,3.77819000
1778413653414,A,B,10247,0.00400000
1778413653414,A,B,10204,0.05968000
1778413653414,A,B,10129,0.08673000
1778413653414,A,B,10182,0.00432000
1778413653414,A,S,10258,4.31779000
1778413653515,A,B,10244,0.00007000
1778413653515,A,B,10231,0.00400000
1778413653515,A,B,10182,0.00432000
1778413653515,A,B,10106,0.00030000
1778413653515,A,S,10277,0.00007000
1778413653515,A,S,10281,0.00400000
1778413653614,A,B,10258,3.77807000
1778413653614,A,B,10182,0.00432000
1778413653614,A,B,10182,0.00010000
1778413653714,A,B,10258,3.77868000
1778413653714,A,B,10247,0.00400000
1778413653714,A,B,10239,0.00400000
1778413653714,A,B,10231,0.00400000
1778413653714,A,B,10079,0.10995000
1778413653714,A,B,10182,0.00432000
1778413653714,A,S,10470,0.00095000
1778413653814,A,B,9825,0.00755000
1778413653814,A,B,10046,0.00100000
1778413653814,A,B,10182,0.00432000
1778413653914,A,B,10225,0.00200000
1778413653914,A,B,10006,0.01937000
1778413653914,A,B,10182,0.00432000
1778413653914,A,S,10272,0.00008000
1778413653914,A,S,10282,0.00400000
1778413653914,A,S,10290,0.00226000
1778413654014,A,B,10182,0.00448000
1778413654014,A,B,10106,0.00030000
1778413654014,A,S,10273,1.63699000
1778413654014,A,S,10348,0.37906000
1778413654114,A,B,10182,0.00448000
1778413654214,A,B,10182,0.00448000
1778413654314,A,B,10258,4.01909000
1778413654314,A,B,10247,0.00400000
1778413654314,A,B,10175,0.27845000
1778413654314,A,B,10132,0.08673000
1778413654314,A,B,10182,0.00432000
1778413654314,A,S,10258,4.31613000
1778413654314,A,S,10267,0.00048000
1778413654314,A,S,10267,0.00047000
1778413654314,A,S,10276,0.30932000
1778413654414,A,B,10182,0.00432000
1778413654514,A,B,10244,0.00007000
1778413654514,A,B,10225,0.00200000
1778413654514,A,B,10182,0.00464000
1778413654514,A,B,10106,0.00030000
1778413654514,A,S,10277,0.00007000
1778413654514,A,S,10290,0.00026000
1778413654514,A,S,10290,0.00200000
1778413654614,A,B,10080,0.10995000
1778413654614,A,B,10079,0.10995000
1778413654614,A,B,10182,0.00480000
1778413654614,A,B,10182,0.00010000
1778413654614,A,S,10258,4.29813000
1778413654715,A,B,10258,3.99435000
1778413654715,A,B,10235,0.00664000
1778413654715,A,B,10182,0.00480000
1778413654715,A,B,10182,0.00030000
1778413654715,A,B,10107,0.00300000
1778413654715,A,S,10283,0.00200000
1778413654715,A,S,10431,0.01327000
1778413654814,A,B,10006,0.00753000
1778413654814,A,B,10046,0.00100000
1778413654814,A,B,10182,0.00480000
1778413654814,A,B,10182,0.00010000
1778413654814,A,S,10266,0.01439000
1778413654814,A,S,10357,0.21000000
1778413654814,A,S,10470,0.00095000
1778413654814,A,S,10106,0.00657000
1778413654914,A,B,10182,0.00480000
1778413654914,A,B,9955,0.00247000
1778413654914,A,S,10274,0.00008000
1778413655015,A,B,10182,0.00480000
1778413655015,A,B,10106,0.00030000
1778413655015,A,S,10258,4.29908000
1778413655015,A,S,10289,0.61238000
1778413655114,A,B,10225,0.00200000
1778413655114,A,B,10158,0.65381000
1778413655114,A,B,10158,1.29543000
1778413655114,A,B,10131,0.08673000
1778413655114,A,B,10182,0.00480000
1778413655114,A,S,10258,4.31076000
1778413655114,A,S,10290,0.00200000
1778413655214,A,B,10182,0.00464000
1778413655214,A,S,10258,4.31076000
1778413655214,A,S,10261,0.00697000
1778413655214,A,S,10448,0.07496000
1778413655214,A,S,9579,0.00482000
1778413655214,A,S,10095,0.01736000
1778413655314,A,B,10258,3.99435000
1778413655314,A,B,10182,0.00464000
1778413655314,A,B,10106,0.00010000
1778413655314,A,S,10258,4.31029000
1778413655314,A,S,10267,0.00512000
1778413655414,A,B,10258,3.99295000
1778413655414,A,B,10182,0.00464000
1778413655414,A,S,9579,0.02935000
1778413655414,A,S,10112,0.01360000
1778413655514,A,B,10182,0.00464000
1778413655514,A,B,10106,0.00030000
1778413655514,A,S,10258,4.31077000
1778413655514,A,S,10267,0.00464000
1778413655614,A,B,10244,0.00007000
1778413655614,A,B,10231,0.00400000
1778413655614,A,B,10160,1.29543000
1778413655614,A,B,10056,0.00112000
1778413655614,A,B,10182,0.00464000
1778413655614,A,S,10258,4.30981000
1778413655614,A,S,10267,0.00047000
1778413655614,A,S,10267,0.00048000
1778413655614,A,S,10277,0.00007000
1778413655614,A,S,10282,0.00400000
1778413655714,A,B,10158,0.30628000
1778413655714,A,B,10080,0.10995000
1778413655714,A,B,10079,0.21990000
1778413655714,A,B,10182,0.00464000
1778413655714,A,S,10273,0.00646000
1778413655714,A,S,9917,27.73742000
1778413655814,A,B,10168,0.00718000
1778413655814,A,B,10046,0.00100000
1778413655814,A,B,10182,0.00432000
1778413655814,A,B,10182,0.00010000
1778413655814,A,S,10470,0.00095000
1778413655914,A,B,10252,0.00400000
1778413655914,A,B,10235,0.00664000
1778413655914,A,B,10182,0.00432000
1778413655914,A,S,10273,1.63299000
1778413655914,A,S,10282,0.00400000
1778413655914,A,S,10283,0.00200000
1778413656014,A,B,10182,0.00432000
1778413656014,A,B,10106,0.00030000
1778413656014,A,S,10266,0.00008000
1778413656014,A,S,10274,0.00400000
1778413656014,A,S,10284,0.00008000
1778413656114,A,B,10250,0.00008000
1778413656114,A,B,10242,0.00008000
1778413656114,A,B,10182,0.00416000
1778413656114,A,B,10107,0.00300000
1778413656214,A,B,10182,0.00416000
1778413656314,A,B,10225,0.00200000
1778413656314,A,B,10159,0.01572000
1778413656314,A,B,10182,0.00432000
1778413656314,A,B,10182,0.00010000
1778413656314,A,S,10258,4.30956000
1778413656314,A,S,10290,0.00200000
1778413656414,A,B,10182,0.00448000
1778413656414,A,S,10258,4.30936000
1778413656514,A,B,10235,0.00664000
1778413656514,A,B,10196,0.39126000
1778413656514,A,B,10182,0.00448000
1778413656514,A,B,10106,0.00030000
1778413656514,A,S,10258,4.30652000
1778413656514,A,S,10283,0.00200000
1778413656614,A,B,10244,0.00007000
1778413656614,A,B,10182,0.00448000
1778413656614,A,S,10277,0.00007000
1778413656714,A,B,10182,0.00448000
1778413656814,A,B,10129,0.01572000
1778413656814,A,B,10046,0.00100000
1778413656814,A,B,10182,0.00456000
1778413656814,A,S,10470,0.00095000
1778413656914,A,B,10203,0.00375000
1778413656914,A,B,10182,0.00448000
1778413656914,A,B,10182,0.00030000
1778413656914,A,B,9955,0.00260000
1778413656914,A,S,10258,4.30700000
1778413656914,A,S,10324,0.00375000
1778413657014,A,B,10204,0.07968000
1778413657014,A,B,10204,0.02000000
1778413657014,A,B,10030,0.07443000
1778413657014,A,B,10182,0.00480000
1778413657014,A,B,10182,0.00010000
1778413657014,A,B,10106,0.00030000
1778413657014,A,S,10274,0.00008000
1778413657014,A,S,10280,0.00008000
1778413657014,A,S,10284,0.00008000
1778413657014,A,S,10289,0.00008000
1778413657014,A,S,10420,0.07276000
1778413657114,A,B,10182,0.00480000
1778413657214,A,B,10182,0.00480000
1778413657314,A,B,10231,0.00008000
1778413657314,A,B,10182,0.00480000
1778413657414,A,B,10182,0.00480000
1778413657514,A,B,10258,3.99267000
1778413657514,A,B,10257,0.17262000
1778413657514,A,B,10182,0.00480000
1778413657514,A,B,10106,0.00030000
1778413657514,A,S,10282,0.00400000
1778413657615,A,B,10258,4.00504000
1778413657615,A,B,10244,0.00007000
1778413657615,A,B,10182,0.00480000
1778413657615,A,B,10182,0.00010000
1778413657615,A,B,10107,0.00300000
1778413657615,A,S,10258,4.30693000
1778413657615,A,S,10273,0.00400000
1778413657615,A,S,10277,0.00007000
1778413657714,A,B,10258,4.01741000
1778413657714,A,B,10252,0.00618000
1778413657714,A,B,10235,0.00200000
1778413657714,A,B,10235,0.00464000
1778413657714,A,B,10182,0.00464000
1778413657714,A,S,10258,0.00014000
1778413657714,A,S,10283,0.00200000
1778413657814,A,B,10134,0.08673000
1778413657814,A,B,10046,0.00100000
1778413657814,A,B,10182,0.00464000
1778413657814,A,S,10258,4.30645000
1778413657814,A,S,10258,0.00057000
1778413657814,A,S,10258,0.00680000
1778413657814,A,S,10261,0.15389000
1778413657814,A,S,10263,0.00015000
1778413657814,A,S,10265,0.34743000
1778413657814,A,S,10267,0.00048000
1778413657814,A,S,10470,0.00095000
1778413657914,A,B,10258,4.02978000
1778413657914,A,B,10250,0.25050000
1778413657914,A,B,10242,0.00300000
1778413657914,A,B,10182,0.00448000
1778413657914,A,S,10258,4.30636000
1778413658014,A,B,10182,0.00448000
1778413658014,A,B,10106,0.00030000
1778413658014,A,S,10258,4.30581000
1778413658114,A,B,10182,0.00464000
1778413658114,A,B,10182,0.00010000
1778413658114,A,S,10259,0.00007000
1778413658114,A,S,10261,0.00014000
1778413658114,A,S,10264,0.00008000
1778413658214,A,B,10187,0.00007000
1778413658214,A,B,10182,0.00432000
1778413658314,A,B,10250,0.00008000
1778413658314,A,B,10234,0.00008000
1778413658314,A,B,10232,2.96939000
1778413658314,A,B,9797,0.00014000
1778413658314,A,B,10182,0.00432000
1778413658414,A,B,10258,4.02958000
1778413658414,A,B,10225,0.00200000
1778413658414,A,B,10130,0.08673000
1778413658414,A,B,10182,0.00432000
1778413658414,A,S,10290,0.00200000
1778413658514,A,B,10258,4.02799000
1778413658514,A,B,10247,0.00400000
1778413658514,A,B,10182,0.00432000
1778413658514,A,B,10106,0.00030000
1778413658614,A,B,10235,0.00200000
1778413658614,A,B,10182,0.00432000
1778413658614,A,B,10182,0.00010000
1778413658614,A,S,10258,4.30569000
1778413658614,A,S,10258,0.00057000
1778413658614,A,S,10283,0.00200000
1778413658714,A,B,10244,0.00007000
1778413658714,A,B,10182,0.00432000
1778413658714,A,S,10262,0.17554000
1778413658714,A,S,10277,0.00007000
1778413658814,A,B,10231,0.00400000
1778413658814,A,B,10030,0.00753000
1778413658814,A,B,10046,0.00100000
1778413658814,A,B,10182,0.00432000
1778413658814,A,S,10261,0.15389000
1778413658814,A,S,10262,0.00007000
1778413658814,A,S,10470,0.00095000
1778413658914,A,B,10247,0.00400000
1778413658914,A,B,10239,0.00400000
1778413658914,A,B,10182,0.00448000
1778413659014,A,B,10128,0.08673000
1778413659014,A,B,10182,0.00448000
1778413659014,A,B,10106,0.00030000
1778413659014,A,S,10258,4.30581000
1778413659014,A,S,10261,0.23215000
1778413659014,A,S,10282,0.00400000
1778413659114,A,B,10182,0.00448000
1778413659114,A,S,10258,4.30588000
1778413659114,A,S,10260,0.18464000
1778413659114,A,S,10261,0.00014000
1778413659114,A,S,10261,0.23229000
1778413659114,A,S,10261,0.15375000
1778413659114,A,S,10263,0.00008000
1778413659114,A,S,10274,0.00400000
1778413659214,A,B,10231,0.00400000
1778413659214,A,B,10134,0.00465000
1778413659214,A,B,10182,0.00448000
1778413659214,A,B,10182,0.00010000
1778413659214,A,S,10260,0.00014000
1778413659214,A,S,10261,0.00022000
1778413659214,A,S,10282,0.00400000
1778413659214,A,S,10291,0.03719000
1778413659314,A,B,10240,0.00040000
1778413659314,A,B,10142,0.00465000
1778413659314,A,B,10182,0.00448000
1778413659414,A,B,10251,0.00008000
1778413659414,A,B,10247,0.00400000
1778413659414,A,B,10241,0.00008000
1778413659414,A,B,10232,2.96931000
1778413659414,A,B,10150,0.00465000
1778413659414,A,B,10182,0.00464000
1778413659514,A,B,10158,0.00465000
1778413659514,A,B,10182,0.00480000
1778413659514,A,B,10106,0.00030000
1778413659614,A,B,10258,4.04036000
1778413659614,A,B,10166,0.00465000
1778413659614,A,B,10082,0.10995000
1778413659614,A,B,10080,0.10995000
1778413659614,A,B,10182,0.00480000
1778413659715,A,B,10244,0.00007000
1778413659715,A,B,10231,0.00400000
1778413659715,A,B,10174,0.05099000
1778413659715,A,B,10182,0.00464000
1778413659715,A,S,10277,0.00007000
1778413659814,A,B,10247,0.00400000
1778413659814,A,B,10239,0.00400000
1778413659814,A,B,10182,0.00465000
1778413659814,A,B,10046,0.00100000
1778413659814,A,B,10182,0.00464000
1778413659814,A,S,10342,0.01793000
1778413659814,A,S,10470,0.00095000
1778413659914,A,B,10225,0.00200000
1778413659914,A,B,10190,0.00465000
1778413659914,A,B,10182,0.00480000
1778413659914,A,B,9955,0.00273000
1778413659914,A,S,10290,0.00200000
1778413660015,A,B,10198,0.00465000
1778413660015,A,B,10182,0.00480000
1778413660015,A,B,10106,0.00030000
1778413660114,A,B,10224,0.44557000
1778413660114,A,B,10206,0.00465000
1778413660114,A,B,10130,0.08673000
1778413660114,A,B,10182,0.00464000
1778413660114,A,S,10258,3.42477000
1778413660114,A,S,10258,0.00014000
1778413660114,A,S,10267,0.00618000
1778413660214,A,B,10258,4.03996000
1778413660214,A,B,10254,0.00400000
1778413660214,A,B,10250,0.30930000
1778413660214,A,B,10248,0.00008000
1778413660214,A,B,10214,0.00465000
1778413660214,A,B,10078,0.07496000
1778413660214,A,B,10077,0.07496000
1778413660214,A,B,10076,0.07496000
1778413660214,A,B,10075,0.07496000
1778413660214,A,B,10182,0.00464000
1778413660214,A,B,10182,0.00010000
1778413660214,A,S,10258,3.67036000
1778413660214,A,S,10258,0.01958000
1778413660214,A,S,10261,0.15389000
1778413660214,A,S,10267,0.00188000
1778413660214,A,S,10274,0.00008000
1778413660214,A,S,10288,0.00008000
1778413660214,A,S,10291,0.00200000
1778413660214,A,S,10291,0.03711000
1778413660314,A,B,10258,4.04003000
1778413660314,A,B,10222,0.00464000
1778413660314,A,B,10182,0.00464000
1778413660314,A,B,10182,0.00030000
1778413660314,A,B,9955,0.00286000
1778413660314,A,S,10258,3.89900000
1778413660314,A,S,10382,0.07277000
1778413660414,A,B,10253,1.63307000
1778413660414,A,B,10253,0.00008000
1778413660414,A,B,10242,0.00008000
1778413660414,A,B,10230,0.00464000
1778413660414,A,B,10182,0.00464000
1778413660414,A,B,10182,0.00010000
1778413660414,A,B,10106,0.00020000
1778413660414,A,S,10258,3.89893000
1778413660414,A,S,10258,0.00057000
1778413660514,A,B,10258,4.03991000
1778413660514,A,B,10238,0.00464000
1778413660514,A,B,10182,0.00464000
1778413660514,A,B,10106,0.00030000
1778413660514,A,S,10437,0.08696000
1778413660514,A,S,10438,0.08696000
1778413660614,A,B,10246,1.63763000
1778413660614,A,B,10220,0.28750000
1778413660614,A,B,10182,0.00448000
1778413660614,A,S,10282,0.00400000
1778413660714,A,B,10258,4.03992000
1778413660714,A,B,10249,0.30930000
1778413660714,A,B,10244,0.00007000
1778413660714,A,B,10136,0.03974000
1778413660714,A,B,10135,0.08672000
1778413660714,A,B,10182,0.00432000
1778413660714,A,S,10258,3.89847000
1778413660714,A,S,10262,0.00464000
1778413660714,A,S,10274,0.00400000
1778413660714,A,S,10277,0.00007000
1778413660714,A,S,10325,0.00010000
1778413660814,A,B,10258,4.03981000
1778413660814,A,B,10226,0.00200000
1778413660814,A,B,10046,0.00100000
1778413660814,A,B,10182,0.00432000
1778413660814,A,S,10258,3.89854000
1778413660814,A,S,10270,0.00464000
1778413660814,A,S,10291,0.00400000
1778413660814,A,S,10470,0.00095000
1778413660915,A,B,10320,0.00650000
1778413660915,A,B,10182,0.00432000
1778413660915,A,S,10278,0.00464000
1778413661014,A,B,10235,0.00200000
1778413661014,A,B,10182,0.00432000
1778413661014,A,B,10106,0.00030000
1778413661014,A,S,10284,0.00200000
1778413661014,A,S,10286,0.00464000
1778413661014,A,S,10386,0.07056000
1778413661114,A,B,10182,0.00432000
1778413661114,A,S,10294,0.00464000
1778413661214,A,B,10075,0.07496000
1778413661214,A,B,10006,0.00753000
1778413661214,A,B,10182,0.00432000
1778413661214,A,S,10272,0.00008000
1778413661214,A,S,10279,0.00008000
1778413661214,A,S,10284,0.00008000
1778413661214,A,S,10302,0.00464000
1778413661314,A,B,10182,0.00448000
1778413661414,A,B,10182,0.00432000
1778413661414,A,S,10358,0.74187000
1778413661414,A,S,10358,1.57645000
1778413661514,A,B,10258,3.23981000
1778413661514,A,B,10248,0.00400000
1778413661514,A,B,10231,0.00008000
1778413661514,A,B,10125,0.08673000
1778413661514,A,B,10182,0.00432000
1778413661514,A,B,10182,0.00010000
1778413661514,A,B,10106,0.00030000
1778413661614,A,B,10258,3.20904000
1778413661614,A,B,10136,0.01810000
1778413661614,A,B,10182,0.00432000
1778413661614,A,B,10182,0.00010000
1778413661614,A,S,10325,0.00309000
1778413661714,A,B,10258,3.31584000
1778413661714,A,B,10225,0.00200000
1778413661714,A,B,10182,0.00448000
1778413661714,A,S,10290,0.00200000
1778413661714,A,S,10291,0.00200000
1778413661815,A,B,10258,4.11584000
1778413661815,A,B,10244,0.00007000
1778413661815,A,B,10046,0.00100000
1778413661815,A,B,10182,0.00464000
1778413661815,A,S,10277,0.00007000
1778413661815,A,S,10325,0.00010000
1778413661815,A,S,10470,0.00095000
1778413661815,A,S,10334,0.00007000
1778413661914,A,B,10232,0.00400000
1778413661914,A,B,10182,0.00480000
1778413662014,A,B,10248,0.00400000
1778413662014,A,B,10240,0.00400000
1778413662014,A,B,9911,0.01007000
1778413662014,A,B,10182,0.00480000
1778413662014,A,B,10106,0.00030000
1778413662114,A,B,10136,0.08672000
1778413662114,A,B,10182,0.00480000
1778413662214,A,B,10235,0.00200000
1778413662214,A,B,10136,0.04401000
1778413662214,A,B,10182,0.00480000
1778413662214,A,S,10284,0.00200000
1778413662214,A,S,10294,0.00008000
1778413662314,A,B,9751,0.01048000
1778413662314,A,B,10182,0.00480000
1778413662314,A,S,10259,0.00683000
1778413662314,A,S,10355,1.57645000
1778413662414,A,B,10248,0.00400000
1778413662414,A,B,10182,0.00480000
1778413662414,A,S,10258,0.01958000
1778413662414,A,S,10259,0.00697000
1778413662414,A,S,10261,0.15375000
1778413662414,A,S,10358,0.31107000
1778413662514,A,B,9591,0.00074000
1778413662514,A,B,10182,0.00464000
1778413662514,A,B,10106,0.00030000
1778413662514,A,S,10258,3.86802000
1778413662514,A,S,10383,0.04055000
1778413662614,A,B,10258,4.10347000
1778413662614,A,B,10030,0.07443000
1778413662614,A,B,10182,0.00464000
1778413662614,A,B,10182,0.00010000
1778413662614,A,S,10421,0.07287000
1778413662714,A,B,10432,0.08328000
1778413662714,A,B,10182,0.00464000
1778413662714,A,B,10107,0.00300000
1778413662714,A,S,10358,1.57645000
1778413662814,A,B,10256,0.00060000
1778413662814,A,B,10244,0.00007000
1778413662814,A,B,10138,0.08672000
1778413662814,A,B,10136,0.02237000
1778413662814,A,B,10046,0.00100000
1778413662814,A,B,10182,0.00464000
1778413662814,A,S,10258,3.88102000
1778413662814,A,S,10277,0.00007000
1778413662814,A,S,10470,0.00095000
1778413662914,A,B,10175,0.33414000
1778413662914,A,B,10182,0.00464000
1778413662914,A,S,10291,0.00200000
1778413663014,A,B,10258,3.66820000
1778413663014,A,B,10194,0.00074000
1778413663014,A,B,10272,2.75434000
1778413663014,A,B,10182,0.00464000
1778413663014,A,B,10106,0.00030000
1778413663014,A,S,10258,3.88289000
1778413663014,A,S,10333,0.00067000
1778413663114,A,B,10258,4.02232000
1778413663114,A,B,10216,0.28751000
1778413663114,A,B,10178,0.00371000
1778413663114,A,B,10176,0.01980000
1778413663114,A,B,10182,0.00432000
1778413663114,A,B,10182,0.00010000
1778413663114,A,S,10258,3.88280000
1778413663214,A,B,10226,0.00200000
1778413663214,A,B,10138,0.04581000
1778413663214,A,B,10030,0.00753000
1778413663214,A,B,10112,0.01130000
1778413663214,A,B,10182,0.00416000
1778413663214,A,S,10258,3.88093000
1778413663214,A,S,10267,0.00187000
1778413663214,A,S,10282,0.00400000
1778413663214,A,S,10290,0.00200000
1778413663214,A,S,10358,0.74187000
1778413663314,A,B,10138,0.02417000
1778413663314,A,B,10135,0.08672000
1778413663314,A,B,10182,0.00416000
1778413663314,A,S,10258,3.88285000
1778413663314,A,S,10274,0.00400000
1778413663414,A,B,10160,1.29543000
1778413663414,A,B,10182,0.00416000
1778413663414,A,S,10258,3.88265000
1778413663514,A,B,10006,0.00753000
1778413663514,A,B,9952,0.00007000
1778413663514,A,B,10182,0.00432000
1778413663514,A,B,10106,0.00030000
1778413663614,A,B,10256,0.00022000
1778413663614,A,B,10253,1.63299000
1778413663614,A,B,10248,0.00400000
1778413663614,A,B,10182,0.00432000
1778413663614,A,S,10258,3.88250000
1778413663714,A,B,10232,0.00400000
1778413663714,A,B,9792,0.00042000
1778413663714,A,B,10182,0.00448000
1778413663714,A,B,10182,0.00010000
1778413663714,A,S,10259,0.00014000
1778413663714,A,S,10282,0.00400000
1778413663814,A,B,10244,0.00007000
1778413663814,A,B,10226,0.00200000
1778413663814,A,B,10046,0.00100000
1778413663814,A,B,10182,0.00448000
1778413663814,A,S,10258,3.88225000
1778413663814,A,S,10258,0.01958000
1778413663814,A,S,10261,0.15389000
1778413663814,A,S,10277,0.00007000
1778413663814,A,S,10290,0.00210000
1778413663814,A,S,10470,0.00095000
1778413663914,A,B,9632,0.00713000
1778413663914,A,B,9797,0.00014000
1778413663914,A,B,10182,0.00448000
1778413664014,A,B,10240,0.00400000
1778413664014,A,B,10017,0.01937000
1778413664014,A,B,10182,0.00448000
1778413664014,A,B,10106,0.00030000
1778413664014,A,S,10274,0.00400000
1778413664114,A,B,10258,3.23236000
1778413664114,A,B,10250,0.00618000
1778413664114,A,B,10178,0.02226000
1778413664114,A,B,10175,0.44552000
1778413664114,A,B,10130,0.08673000
1778413664114,A,B,10182,0.00448000
1778413664114,A,S,10258,4.07545000
1778413664114,A,S,10258,0.00064000
1778413664114,A,S,10260,0.00014000
1778413664114,A,S,10260,0.23313000
1778413664114,A,S,10261,0.00008000
1778413664114,A,S,10261,0.00014000
1778413664114,A,S,10263,0.34887000
1778413664114,A,S,10268,0.29342000
1778413664114,A,S,10055,0.00358000
1778413664214,A,B,10258,3.24473000
1778413664214,A,B,10248,0.30932000
1778413664214,A,B,10473,1.32976000
1778413664214,A,B,10182,0.00448000
1778413664214,A,S,10258,4.07641000
1778413664214,A,S,10260,0.18464000
1778413664214,A,S,10260,0.00022000
1778413664214,A,S,10260,0.23327000
1778413664214,A,S,10263,0.00008000
1778413664214,A,S,10271,0.00008000
1778413664214,A,S,10274,0.00008000
1778413664214,A,S,10276,0.00008000
1778413664214,A,S,10280,0.00008000
1778413664214,A,S,10289,0.00008000
1778413664214,A,S,10291,0.03719000
1778413664214,A,S,10355,1.57645000
1778413664314,A,B,10258,3.24466000
1778413664314,A,B,10231,0.00400000
1778413664314,A,B,10220,0.00400000
1778413664314,A,B,10175,0.50121000
1778413664314,A,B,10182,0.00480000
1778413664314,A,S,10281,0.00400000
1778413664314,A,S,10358,0.31107000
1778413664414,A,B,10313,0.02059000
1778413664414,A,B,10182,0.00480000
1778413664514,A,B,9961,0.01937000
1778413664514,A,B,10182,0.00480000
1778413664514,A,B,10182,0.00010000
1778413664514,A,B,10106,0.00030000
1778413664514,A,S,10258,4.07611000
1778413664514,A,S,10261,0.00007000
1778413664614,A,B,10256,0.00014000
1778413664614,A,B,10253,0.00016000
1778413664614,A,B,10248,0.00008000
1778413664614,A,B,10241,0.00008000
1778413664614,A,B,10234,0.00200000
1778413664614,A,B,10222,0.00400000
1778413664614,A,B,10212,0.28753000
1778413664614,A,B,10120,0.01793000
1778413664614,A,B,10118,0.08674000
1778413664614,A,B,10017,0.00753000
1778413664614,A,B,10153,0.00015000
1778413664614,A,B,10182,0.00480000
1778413664614,A,S,10258,4.24868000
1778413664614,A,S,10258,0.00057000
1778413664614,A,S,10260,0.00008000
1778413664614,A,S,10260,0.00014000
1778413664614,A,S,10263,0.00007000
1778413664614,A,S,10263,0.35364000
1778413664614,A,S,10283,0.00200000
1778413664714,A,B,10225,0.00200000
1778413664714,A,B,10182,0.00480000
1778413664714,A,S,10258,4.24840000
1778413664714,A,S,10260,0.18464000
1778413664714,A,S,10262,0.04014000
1778413664714,A,S,10289,0.00200000
1778413664714,A,S,10290,0.00010000
1778413664814,A,B,10258,2.72273000
1778413664814,A,B,10258,0.00071000
1778413664814,A,B,10256,0.00007000
1778413664814,A,B,10255,0.00007000
1778413664814,A,B,10255,0.79240000
1778413664814,A,B,10253,0.20661000
1778413664814,A,B,10253,0.11000000
1778413664814,A,B,10250,0.57459000
1778413664814,A,B,10250,1.63299000
1778413664814,A,B,10250,0.00008000
1778413664814,A,B,10247,0.00618000
1778413664814,A,B,10246,0.30940000
1778413664814,A,B,10245,0.00400000
1778413664814,A,B,10244,0.00007000
1778413664814,A,B,10240,0.37111000
1778413664814,A,B,10240,1.93362000
1778413664814,A,B,10234,0.01470000
1778413664814,A,B,10218,0.00400000
1778413664814,A,B,10176,0.01980000
1778413664814,A,B,10140,0.37111000
1778413664814,A,B,10046,0.00100000
1778413664814,A,B,10182,0.00480000
1778413664814,A,B,10182,0.00010000
1778413664814,A,S,10258,4.24791000
1778413664814,A,S,10258,0.00022000
1778413664814,A,S,10258,0.34480000
1778413664814,A,S,10260,0.00014000
1778413664814,A,S,10260,0.00007000
1778413664814,A,S,10261,0.00007000
1778413664814,A,S,10263,0.00007000
1778413664814,A,S,10263,0.00348000
1778413664814,A,S,10265,0.34948000
1778413664814,A,S,10268,0.33108000
1778413664814,A,S,10268,0.37111000
1778413664814,A,S,10268,0.00008000
1778413664814,A,S,10277,0.00007000
1778413664814,A,S,10278,0.37119000
1778413664814,A,S,10280,0.65929000
1778413664814,A,S,10324,0.00010000
1778413664814,A,S,10382,0.12581000
1778413664814,A,S,10382,0.37111000
1778413664814,A,S,10383,0.07277000
1778413664814,A,S,9592,0.00061000
1778413664814,A,S,10470,0.00095000
1778413664914,A,B,10256,0.19855000
1778413664914,A,B,10254,0.12447000
1778413664914,A,B,10249,0.00841000
1778413664914,A,B,10229,0.00400000
1778413664914,A,B,10158,0.65381000
1778413664914,A,B,10158,1.29543000
1778413664914,A,B,10089,0.04700000
1778413664914,A,B,10089,0.04700000
1778413664914,A,B,10088,0.04700000
1778413664914,A,B,10086,0.04700000
1778413664914,A,B,10085,0.04700000
1778413664914,A,B,10084,0.04700000
1778413664914,A,B,10083,0.04700000
1778413664914,A,B,10080,0.04701000
1778413664914,A,B,9993,0.00506000
1778413664914,A,B,10182,0.00480000
1778413664914,A,S,10280,0.00400000
1778413665014,A,B,10182,0.00448000
1778413665014,A,B,10106,0.00030000
1778413665114,A,B,10165,0.00717000
1778413665114,A,B,9833,0.00094000
1778413665114,A,B,10182,0.00448000
1778413665214,A,B,10233,0.00200000
1778413665214,A,B,10088,0.08677000
1778413665214,A,B,10081,6.52146000
1778413665214,A,B,10182,0.00448000
1778413665214,A,B,10107,0.00300000
1778413665214,A,S,10258,4.24753000
1778413665214,A,S,10263,0.00015000
1778413665214,A,S,10263,0.00008000
1778413665214,A,S,10263,0.35356000
1778413665214,A,S,10282,0.00207000
1778413665214,A,S,10294,0.00008000
1778413665214,A,S,10356,0.01937000
1778413665214,A,S,10448,0.07496000
1778413665314,A,B,10258,2.72273000
1778413665314,A,B,9673,1.13345000
1778413665314,A,B,10182,0.00464000
1778413665314,A,B,10107,0.00900000
1778413665314,A,S,10258,0.47716000
1778413665314,A,S,10263,0.35160000
1778413665314,A,S,10263,0.00060000
1778413665314,A,S,10350,1.57645000
1778413665414,A,B,10258,1.92273000
1778413665414,A,B,10182,0.00464000
1778413665414,A,S,10349,1.41063000
1778413665514,A,B,10182,0.00432000
1778413665514,A,B,10106,0.00030000
1778413665514,A,B,10106,0.00010000
1778413665514,A,S,10280,0.00400000
1778413665514,A,S,10446,0.01937000
1778413665614,A,B,10248,0.00618000
1778413665614,A,B,10247,0.00618000
1778413665614,A,B,10097,0.08696000
1778413665614,A,B,10097,0.08696000
1778413665614,A,B,10096,0.08712000
1778413665614,A,B,10095,0.08696000
1778413665614,A,B,10094,0.08696000
1778413665614,A,B,10094,0.08696000
1778413665614,A,B,10093,0.08696000
1778413665614,A,B,10092,0.08696000
1778413665614,A,B,10092,0.08696000
1778413665614,A,B,10091,3.80612000
1778413665614,A,B,9513,0.03898000
1778413665614,A,B,10182,0.00432000
1778413665614,A,S,10263,0.00618000
1778413665614,A,S,10271,0.00400000
1778413665714,A,B,10253,0.00008000
1778413665714,A,B,10253,0.00008000
1778413665714,A,B,10253,0.00008000
1778413665714,A,B,10252,0.00208000
1778413665714,A,B,10250,0.57467000
1778413665714,A,B,10248,0.00008000
1778413665714,A,B,10240,0.00008000
1778413665714,A,B,10234,0.00008000
1778413665714,A,B,10182,0.00432000
1778413665714,A,S,10263,0.35566000
1778413665814,A,B,10257,0.00021000
1778413665814,A,B,10255,0.00014000
1778413665814,A,B,10255,0.00015000
1778413665814,A,B,10220,0.00400000
1778413665814,A,B,10076,0.08679000
1778413665814,A,B,10046,0.00100000
1778413665814,A,B,10354,0.00007000
1778413665814,A,B,10182,0.00432000
1778413665814,A,S,10258,4.24767000
1778413665814,A,S,10258,0.00036000
1778413665814,A,S,10353,1.57645000
1778413665814,A,S,10470,0.00095000
1778413665914,A,B,10258,1.92273000
1778413665914,A,B,10257,0.00014000
1778413665914,A,B,10253,0.45832000
1778413665914,A,B,10244,0.00007000
1778413665914,A,B,10182,0.00432000
1778413665914,A,S,10277,0.00007000
1778413665914,A,S,10280,0.00400000
1778413666014,A,B,10258,2.72273000
1778413666014,A,B,10249,0.00618000
1778413666014,A,B,10248,0.00618000
1778413666014,A,B,10194,0.00130000
1778413666014,A,B,10182,0.00432000
1778413666014,A,B,10182,0.00010000
1778413666014,A,B,10106,0.00030000
1778413666014,A,S,10263,0.34948000
1778413666014,A,S,10264,0.00618000
1778413666014,A,S,10272,0.00400000
1778413666014,A,S,10294,0.00645000
1778413666114,A,B,10258,2.72210000
1778413666114,A,B,10182,0.00432000
1778413666114,A,B,10182,0.00010000
1778413666114,A,S,10258,4.24723000
1778413666114,A,S,10258,0.00022000
1778413666214,A,B,10258,2.71567000
1778413666214,A,B,10249,0.00618000
1778413666214,A,B,10160,1.29543000
1778413666214,A,B,9824,0.02000000
1778413666214,A,B,10182,0.00448000
1778413666214,A,S,10261,0.00007000
1778413666214,A,S,10261,0.36181000
1778413666315,A,B,10258,2.71567000
1778413666315,A,B,10258,0.00071000
1778413666315,A,B,10250,0.55466000
1778413666315,A,B,10246,0.00400000
1778413666315,A,B,10158,0.30628000
1778413666315,A,B,10080,0.08678000
1778413666315,A,B,10034,0.00056000
1778413666315,A,B,10182,0.00448000
1778413666315,A,S,10258,0.00022000
1778413666315,A,S,10258,0.47708000
1778413666315,A,S,10261,0.15389000
1778413666315,A,S,10261,0.00015000
1778413666315,A,S,10261,0.36195000
1778413666315,A,S,10262,0.04000000
1778413666315,A,S,10263,0.00007000
1778413666315,A,S,10263,0.00008000
1778413666315,A,S,10263,0.35152000
1778413666315,A,S,10269,0.00008000
1778413666315,A,S,10291,0.03711000
1778413666414,A,B,10258,2.71265000
1778413666414,A,B,10182,0.00448000
1778413666514,A,B,10224,0.00200000
1778413666514,A,B,9874,0.05035000
1778413666514,A,B,10182,0.00448000
1778413666514,A,B,10106,0.00030000
1778413666514,A,S,10289,0.00200000
1778413666614,A,B,10258,1.91265000
1778413666614,A,B,10247,0.00618000
1778413666614,A,B,9824,0.00755000
1778413666614,A,B,10182,0.00448000
1778413666614,A,B,10107,0.00300000
1778413666614,A,S,10261,0.00007000
1778413666614,A,S,10261,0.35984000
1778413666614,A,S,10261,0.00021000
1778413666714,A,B,10233,0.00200000
1778413666714,A,B,10182,0.00464000
1778413666714,A,B,9955,0.00299000
1778413666714,A,S,10261,0.15389000
1778413666714,A,S,10261,0.35991000
1778413666714,A,S,10261,0.00007000
1778413666714,A,S,10281,0.00200000
1778413666714,A,S,10282,0.00007000
1778413666814,A,B,10046,0.00100000
1778413666814,A,B,9714,0.00130000
1778413666814,A,B,10182,0.00472000
1778413666814,A,S,10280,0.00400000
1778413666814,A,S,10470,0.00095000
1778413666914,A,B,10244,0.00007000
1778413666914,A,B,10074,0.08679000
1778413666914,A,B,10182,0.00464000
1778413666914,A,S,10271,0.00400000
1778413666914,A,S,10277,0.00007000
1778413666914,A,S,10324,0.00010000
1778413667014,A,B,10247,0.00618000
1778413667014,A,B,10158,0.65381000
1778413667014,A,B,10158,1.29543000
1778413667014,A,B,9554,0.00024000
1778413667014,A,B,10182,0.00480000
1778413667014,A,B,10106,0.00030000
1778413667114,A,B,10258,3.90999000
1778413667114,A,B,10258,0.00071000
1778413667114,A,B,10258,0.00026000
1778413667114,A,B,10257,0.00014000
1778413667114,A,B,10257,0.17419000
1778413667114,A,B,10256,0.00014000
1778413667114,A,B,10255,0.00008000
1778413667114,A,B,10255,1.22657000
1778413667114,A,B,10253,1.63307000
1778413667114,A,B,10252,0.00618000
1778413667114,A,B,10249,0.30932000
1778413667114,A,B,10249,0.00618000
1778413667114,A,B,10246,0.00008000
1778413667114,A,B,10226,0.09744000
1778413667114,A,B,10224,0.00200000
1778413667114,A,B,10182,0.00480000
1778413667114,A,B,10182,0.00030000
1778413667114,A,S,10258,5.05961000
1778413667114,A,S,10258,0.00057000
1778413667114,A,S,10258,0.13250000
1778413667114,A,S,10258,0.00014000
1778413667114,A,S,10260,0.00014000
1778413667114,A,S,10261,0.00022000
1778413667114,A,S,10262,0.00014000
1778413667114,A,S,10263,0.00007000
1778413667114,A,S,10266,0.00007000
1778413667114,A,S,10268,0.00008000
1778413667114,A,S,10268,0.00618000
1778413667114,A,S,10274,0.00300000
1778413667114,A,S,10274,0.09744000
1778413667114,A,S,10277,0.00400000
1778413667114,A,S,10281,0.00007000
1778413667114,A,S,10285,0.01520000
1778413667114,A,S,10289,0.00200000
1778413667114,A,S,10382,0.04055000
1778413667114,A,S,10394,0.37111000
1778413667214,A,B,10258,4.05205000
1778413667214,A,B,10258,0.00078000
1778413667214,A,B,10257,0.17426000
1778413667214,A,B,10254,0.12447000
1778413667214,A,B,10253,0.45825000
1778413667214,A,B,10252,0.00400000
1778413667214,A,B,10247,0.00400000
1778413667214,A,B,10158,0.63454000
1778413667214,A,B,10077,0.07496000
1778413667214,A,B,10076,0.18391000
1778413667214,A,B,10075,0.07496000
1778413667214,A,B,10073,0.07496000
1778413667214,A,B,10395,0.00018000
1778413667214,A,B,10182,0.00480000
1778413667214,A,B,10182,0.00010000
1778413667214,A,S,10258,5.05568000
1778413667214,A,S,10258,0.00057000
1778413667214,A,S,10258,0.13250000
1778413667214,A,S,10258,0.00014000
1778413667214,A,S,10261,0.15389000
1778413667214,A,S,10261,0.00008000
1778413667214,A,S,10262,0.04014000
1778413667214,A,S,10263,0.12314000
1778413667214,A,S,10264,0.00026000
1778413667214,A,S,10267,0.00048000
1778413667214,A,S,10267,0.00047000
1778413667214,A,S,10267,0.00192000
1778413667314,A,B,10182,0.00480000
1778413667314,A,S,10258,0.00014000
1778413667314,A,S,10260,0.00022000
1778413667314,A,S,10264,0.00008000
1778413667314,A,S,10276,0.00008000
1778413667314,A,S,10382,0.07277000
1778413667414,A,B,10258,4.85205000
1778413667414,A,B,10140,0.08672000
1778413667414,A,B,10182,0.00464000
1778413667414,A,S,10258,5.05533000
1778413667515,A,B,10258,4.85212000
1778413667515,A,B,10258,0.00085000
1778413667515,A,B,10254,0.00400000
1778413667515,A,B,10231,0.00400000
1778413667515,A,B,10235,0.00736000
1778413667515,A,B,10182,0.00464000
1778413667515,A,B,10106,0.00030000
1778413667616,A,B,10258,4.85088000
1778413667616,A,B,10247,0.00400000
1778413667616,A,B,10239,0.00400000
1778413667616,A,B,10182,0.00464000
1778413667616,A,S,10258,5.25642000
1778413667714,A,B,10253,0.00008000
1778413667714,A,B,10253,1.63299000
1778413667714,A,B,10253,0.00016000
1778413667714,A,B,10249,0.00008000
1778413667714,A,B,10231,0.00008000
1778413667714,A,B,10225,0.00200000
1778413667714,A,B,10217,0.37118000
1778413667714,A,B,9982,0.01937000
1778413667714,A,B,10075,0.23229000
1778413667714,A,B,10182,0.00464000
1778413667714,A,S,10274,0.05172000
1778413667714,A,S,10274,0.04872000
1778413667714,A,S,10281,0.00400000
1778413667714,A,S,10290,0.00200000
1778413667714,A,S,10290,0.00200000
1778413667714,A,S,10435,0.21291000
1778413667714,A,S,10436,0.11095000
1778413667814,A,B,10258,4.82919000
1778413667814,A,B,10257,0.00093000
1778413667814,A,B,10255,0.00081000
1778413667814,A,B,10173,2.11492000
1778413667814,A,B,10046,0.00100000
1778413667814,A,B,9998,0.04336000
1778413667814,A,B,10182,0.00464000
1778413667814,A,S,10258,0.22220000
1778413667814,A,S,10263,0.16948000
1778413667814,A,S,10273,0.00400000
1778413667814,A,S,10470,0.00095000
1778413667914,A,B,10244,0.00007000
1778413667914,A,B,10239,0.00400000
1778413667914,A,B,9915,0.05007000
1778413667914,A,B,10182,0.00448000
1778413667914,A,S,10273,0.00400000
1778413667914,A,S,10277,0.00007000
1778413668015,A,B,10144,0.08671000
1778413668015,A,B,9982,0.00753000
1778413668015,A,B,10182,0.00432000
1778413668015,A,B,10106,0.00030000
1778413668015,A,S,10281,0.00400000
1778413668015,A,S,10415,0.07407000
1778413668114,A,B,10182,0.00432000
1778413668114,A,B,10182,0.00010000
1778413668114,A,S,10258,5.05511000
1778413668114,A,S,10273,0.00400000
1778413668215,A,B,10080,0.07496000
1778413668215,A,B,10079,0.07496000
1778413668215,A,B,10078,0.12197000
1778413668215,A,B,10077,0.07496000
1778413668215,A,B,10076,0.07496000
1778413668215,A,B,10075,0.07509000
1778413668215,A,B,10073,0.07496000
1778413668215,A,B,9755,0.00007000
1778413668215,A,B,10182,0.00432000
1778413668215,A,B,10182,0.00030000
1778413668215,A,B,9942,0.08259000
1778413668215,A,B,9941,0.00013000
1778413668215,A,B,9936,0.00039000
1778413668215,A,B,9926,0.00013000
1778413668215,A,B,9924,0.00026000
1778413668215,A,S,10258,5.05511000
1778413668314,A,B,10182,0.00432000
1778413668314,A,B,10182,0.00010000
1778413668314,A,S,10258,5.05491000
1778413668314,A,S,10260,0.00014000
1778413668314,A,S,10263,0.00008000
1778413668314,A,S,10274,0.00008000
1778413668314,A,S,10280,0.00008000
1778413668314,A,S,10298,0.37120000
1778413668414,A,B,9595,0.00007000
1778413668414,A,B,10182,0.00432000
1778413668414,A,S,10258,5.05349000
1778413668414,A,S,10281,0.00400000
1778413668414,A,S,10358,0.74187000
1778413668414,A,S,10361,1.57645000
1778413668514,A,B,10231,0.00400000
1778413668514,A,B,10182,0.00432000
1778413668514,A,B,10106,0.00030000
1778413668514,A,S,10258,5.25425000
1778413668514,A,S,10273,0.00400000
1778413668514,A,S,10281,0.00407000
1778413668614,A,B,10225,0.00200000
1778413668614,A,B,9930,0.02511000
1778413668614,A,B,10436,3.01065000
1778413668614,A,B,10182,0.00432000
1778413668614,A,S,10290,0.00200000
1778413668714,A,B,10258,4.81682000
1778413668714,A,B,10182,0.00432000
1778413668714,A,S,10258,5.24529000
1778413668714,A,S,10446,0.01937000
1778413668814,A,B,9935,0.02479000
1778413668814,A,B,10182,0.00448000
1778413668814,A,S,10258,5.24515000
1778413668814,A,S,10259,0.00066000
1778413668814,A,S,10261,0.00075000
1778413668814,A,S,10470,0.00095000
1778413668914,A,B,10046,0.00100000
1778413668914,A,B,10276,1.19515000
1778413668914,A,B,10182,0.00448000
1778413669014,A,B,10244,0.00007000
1778413669014,A,B,10182,0.00448000
1778413669014,A,B,10106,0.00030000
1778413669014,A,S,10277,0.00007000
1778413669114,A,B,10258,4.81055000
1778413669114,A,B,10231,0.00400000
1778413669114,A,B,10116,0.00007000
1778413669114,A,B,10182,0.00464000
1778413669114,A,S,10281,0.00400000
1778413669114,A,S,10281,0.00007000
1778413669214,A,B,10182,0.00480000
1778413669214,A,B,9942,0.08246000
1778413669214,A,B,9930,0.00013000
1778413669214,A,S,10273,0.00400000
1778413669314,A,B,10247,0.00400000
1778413669314,A,B,9956,0.00246000
1778413669314,A,B,10182,0.00480000
1778413669314,A,B,10182,0.00030000
1778413669314,A,S,10281,0.00400000
1778413669314,A,S,10384,0.04055000
1778413669414,A,B,10221,0.61238000
1778413669414,A,B,10182,0.00480000
1778413669414,A,B,10182,0.00010000
1778413669414,A,S,10273,0.02800000
1778413669414,A,S,10289,0.00008000
1778413669414,A,S,10298,0.37112000
1778413669515,A,B,9797,0.00014000
1778413669515,A,B,10182,0.00480000
1778413669515,A,B,10106,0.00030000
1778413669614,A,B,9796,0.00025000
1778413669614,A,B,10182,0.00480000
1778413669614,A,S,10438,0.08696000
1778413669714,A,B,10258,4.80920000
1778413669714,A,B,10182,0.00480000
1778413669714,A,B,10182,0.00010000
1778413669814,A,B,10225,0.00200000
1778413669814,A,B,10146,0.08671000
1778413669814,A,B,9636,0.00327000
1778413669814,A,B,10182,0.00464000
1778413669814,A,S,10258,5.04439000
